Automatically generated by Mendeley Desktop 1.15.3
Any changes to this file will be lost if it is regenerated by Mendeley.

BibTeX export options can be customized via Options -> BibTeX in Mendeley Desktop

@article{Klein1959,
author = {Klein, WH and Lewis, BM and Enger, I},
file = {:C$\backslash$:/Users/pasca/Google Drive/Biblio/Mendeley/Klein, Lewis, Enger - 1959 - Objective prediction of five-day mean temperatures during winter.pdf:pdf},
journal = {Journal of Meteorology},
pages = {672--682},
title = {{Objective prediction of five-day mean temperatures during winter}},
url = {http://journals.ametsoc.org/doi/abs/10.1175/1520-0469(1959)016{\%}3C0672:OPOFDM{\%}3E2.0.CO;2},
volume = {16},
year = {1959}
}
@article{Back1993b,
author = {B{\"{a}}ck, Thomas and Schwefel, Hans-Paul},
doi = {10.1162/evco.1993.1.1.1},
file = {:C$\backslash$:/Users/pasca/Google Drive/Biblio/Mendeley/B{\"{a}}ck, Schwefel - 1993 - An Overview of Evolutionary Algorithms for Parameter Optimization.pdf:pdf},
issn = {1063-6560},
journal = {Evolutionary Computation},
month = {mar},
number = {1},
pages = {1--23},
title = {{An Overview of Evolutionary Algorithms for Parameter Optimization}},
url = {http://www.mitpressjournals.org/doi/abs/10.1162/evco.1993.1.1.1},
volume = {1},
year = {1993}
}
@inproceedings{Hinterding1995a,
author = {Hinterding, Robert and Gielewski, Harry and Peachey, TC},
booktitle = {Proceedings of the Sixth International Conference on Genetic Algorithms},
file = {:C$\backslash$:/Users/pasca/Google Drive/Biblio/Mendeley/Hinterding, Gielewski, Peachey - 1995 - The Nature of Mutation in Genetic Algorithms.pdf:pdf},
pages = {65--72},
title = {{The Nature of Mutation in Genetic Algorithms.}},
url = {http://pdf.aminer.org/000/310/686/the{\_}nature{\_}of{\_}mutation{\_}in{\_}genetic{\_}algorithms.pdf},
year = {1995}
}
@techreport{Lorenz1956,
author = {Lorenz, EN},
file = {:C$\backslash$:/Users/pasca/Google Drive/Biblio/Mendeley/Lorenz - 1956 - Empirical orthogonal functions and statistical weather prediction.pdf:pdf},
institution = {Massachusetts Institute of Technology, Department of Meteorology, Massachusetts Institute of Technology, Dept. of Meteorology},
title = {{Empirical orthogonal functions and statistical weather prediction}},
url = {http://www.o3d.org/abracco/Atlantic/Lorenz1956.pdf},
year = {1956}
}
@article{Beyer1995a,
author = {Beyer, HG},
file = {:C$\backslash$:/Users/pasca/Google Drive/Biblio/Mendeley/Beyer - 1995 - Toward a Theory of Evolution Strategies On the Benefits of Sex — the ($\mu$$\mu$, $\lambda$) Theory.pdf:pdf},
journal = {Evolutionary Computation},
number = {1},
pages = {81--111},
title = {{Toward a Theory of Evolution Strategies: On the Benefits of Sex — the ($\mu$/$\mu$, $\lambda$) Theory}},
url = {http://www.mitpressjournals.org/doi/pdf/10.1162/evco.1995.3.1.81},
volume = {3},
year = {1995}
}
@article{Wetterhall2007,
author = {Wetterhall, F. and Halldin, S. and Xu, C.-Y.},
doi = {10.1007/s00704-005-0223-3},
file = {:C$\backslash$:/Users/pasca/Google Drive/Biblio/Mendeley/Wetterhall, Halldin, Xu - 2007 - Seasonality properties of four statistical-downscaling methods in central Sweden.pdf:pdf},
issn = {0177-798X},
journal = {Theoretical and Applied Climatology},
month = {jun},
number = {1-4},
pages = {123--137},
title = {{Seasonality properties of four statistical-downscaling methods in central Sweden}},
url = {http://link.springer.com/10.1007/s00704-005-0223-3},
volume = {87},
year = {2007}
}
@article{Kistler2001,
author = {Kistler, Robert and Kalnay, E. and Collins, W. and Saha, S. and White, G. and Woollen, J. and Chelliah, M. and Ebisuzaki, W. and Kanamitsu, M. and Kousky, V.},
file = {:C$\backslash$:/Users/pasca/Google Drive/Biblio/Mendeley/Kistler et al. - 2001 - The NCEP-NCAR 50-year reanalysis Monthly means CD-ROM and documentation.pdf:pdf},
journal = {Bulletin of the American Meteorological Society},
number = {2},
pages = {247--268},
title = {{The NCEP-NCAR 50-year reanalysis: Monthly means CD-ROM and documentation}},
url = {http://journals.ametsoc.org/doi/abs/10.1175/1520-0477(2001)082{\%}3C0247:TNNYRM{\%}3E2.3.CO;2},
volume = {82},
year = {2001}
}
@misc{Brown1974,
author = {Brown, TA},
file = {:C$\backslash$:/Users/pasca/Google Drive/Biblio/Mendeley/Brown - 1974 - Admissible Scoring Systems for Continuous Distributions.pdf:pdf},
pages = {P--5235},
title = {{Admissible Scoring Systems for Continuous Distributions.}},
url = {http://eric.ed.gov/?id=ED135799},
year = {1974}
}
@inproceedings{Back1994a,
author = {B{\"{a}}ck, Thomas},
booktitle = {Proceedings of the First IEEE Conference on Evolutionary Computation. IEEE World Congress on Computational Intelligence},
doi = {10.1109/ICEC.1994.350042},
file = {:C$\backslash$:/Users/pasca/Google Drive/Biblio/Mendeley/B{\"{a}}ck - 1994 - Selective pressure in evolutionary algorithms a characterization of selection mechanisms.pdf:pdf},
isbn = {0-7803-1899-4},
pages = {57--62},
publisher = {Ieee},
title = {{Selective pressure in evolutionary algorithms: a characterization of selection mechanisms}},
url = {http://ieeexplore.ieee.org/lpdocs/epic03/wrapper.htm?arnumber=350042},
year = {1994}
}
@article{Teweles1954,
author = {Teweles, S and Wobus, H B},
journal = {Bulletin of the American Meteorological Society},
pages = {455--463},
title = {{Verification of prognostic charts}},
volume = {35},
year = {1954}
}
@article{Seibert2000a,
author = {Seibert, J},
file = {:C$\backslash$:/Users/pasca/Google Drive/Biblio/Mendeley/Seibert - 2000 - Multi-criteria calibration of a conceptual runoff model using a genetic algorithm.pdf:pdf},
journal = {Hydrology and Earth System Sciences},
number = {2},
pages = {215--224},
title = {{Multi-criteria calibration of a conceptual runoff model using a genetic algorithm}},
url = {http://www.hydrol-earth-syst-sci.net/4/215/2000/},
volume = {4},
year = {2000}
}
@inproceedings{Back1995a,
author = {B{\"{a}}ck, Thomas},
booktitle = {Proceedings of the 6th International Conference on Genetic Algorithms},
file = {:C$\backslash$:/Users/pasca/Google Drive/Biblio/Mendeley/B{\"{a}}ck - 1995 - Generalized Convergence Models for Tournament- and (mu, lambda)-Selection.pdf:pdf},
pages = {2--8},
title = {{Generalized Convergence Models for Tournament- and (mu, lambda)-Selection}},
year = {1995}
}
@phdthesis{Guilbaud1997,
author = {Guilbaud, S},
pages = {386 p.},
school = {Institut National Polytechnique de Grenoble},
title = {{Pr{\'{e}}vision quantitative des pr{\'{e}}cipitations journali{\`{e}}res par une m{\'{e}}thode statistico-dynamique des recherche d'analogues - Application {\`{a}} des bassins du pourtour m{\'{e}}diterran{\'{e}}en}},
year = {1997}
}
@article{DeJong1993a,
author = {{De Jong}, Kenneth a.},
doi = {10.1016/B978-0-08-094832-4.50006-4},
file = {:C$\backslash$:/Users/pasca/Google Drive/Biblio/Mendeley/De Jong - 1993 - Genetic Algorithms Are NOT Function Optimizers.pdf:pdf},
isbn = {9780080948324},
issn = {10816593},
journal = {Foundations of genetic algorithms},
pages = {5--17},
title = {{Genetic Algorithms Are NOT Function Optimizers}},
volume = {2},
year = {1993}
}
@article{Horton2012,
author = {Horton, Pascal and Jaboyedoff, Michel and Metzger, Richard and Obled, Charles and Marty, Renaud},
doi = {10.5194/nhess-12-777-2012},
file = {:C$\backslash$:/Users/pasca/Google Drive/Biblio/Mendeley/Horton et al. - 2012 - Spatial relationship between the atmospheric circulation and the precipitation measured in the western Swiss Alps.pdf:pdf},
journal = {Natural Hazards and Earth System Sciences},
pages = {777--784},
title = {{Spatial relationship between the atmospheric circulation and the precipitation measured in the western Swiss Alps by means of the analogue method}},
volume = {12},
year = {2012}
}
@incollection{Drosdowsky2003,
author = {Drosdowsky, W and Zhang, H},
booktitle = {Forecast verification: a practitioner's guide in atmospheric science},
chapter = {6},
editor = {Jolliffe, I T and Stephenson, D B},
pages = {121--136},
publisher = {Wiley},
title = {{Verification of Spatial Fields}},
year = {2003}
}
@article{Nelder1965a,
author = {Nelder, JA and Mead, R},
file = {:C$\backslash$:/Users/pasca/Google Drive/Biblio/Mendeley/Nelder, Mead - 1965 - A simplex method for function minimization.pdf:pdf},
journal = {The Computer Journal},
number = {4},
pages = {308--313},
title = {{A simplex method for function minimization}},
url = {http://comjnl.oxfordjournals.org/content/7/4/308.short},
volume = {7},
year = {1965}
}
@article{Horton2016,
author = {Horton, Pascal and Jaboyedoff, Michel and Obled, Charles},
journal = {Geoscientific Model Development},
title = {{AtmoSwing (v1.4): Analog Technique model for Statistical weather forecastING}},
volume = {submitted},
year = {2016}
}
@book{Michalewicz1996,
author = {Michalewicz, Z},
edition = {3rd editio},
publisher = {Springer-Verlag},
title = {{Genetic Algorithms + Data Structures = Evolution Programs}},
year = {1996}
}
@article{Joines1996a,
author = {Joines, JA and Culbreth, CT and King, RE},
file = {:C$\backslash$:/Users/pasca/Google Drive/Biblio/Mendeley/Joines, Culbreth, King - 1996 - Manufacturing cell design an integer programming model employing genetic algorithms.pdf:pdf},
journal = {IIE transactions},
number = {1},
pages = {69--85},
title = {{Manufacturing cell design: an integer programming model employing genetic algorithms}},
url = {http://www.tandfonline.com/doi/abs/10.1080/07408179608966253},
volume = {28},
year = {1996}
}
@inproceedings{Fonseca1993a,
author = {Fonseca, CM and Fleming, PJ},
booktitle = {Proceedings of the fifth international conference on genetic algorithms},
file = {:C$\backslash$:/Users/pasca/Google Drive/Biblio/Mendeley/Fonseca, Fleming - 1993 - Genetic algorithms for multiobjective optimization Formulation, discussion and generalization.pdf:pdf},
number = {July},
title = {{Genetic algorithms for multiobjective optimization: Formulation, discussion and generalization}},
url = {http://pdf.aminer.org/000/310/607/genetic{\_}algorithms{\_}for{\_}multiobjective{\_}optimization{\_}formulationdiscussion{\_}and{\_}generalization.pdf},
year = {1993}
}
@phdthesis{BenDaoud2010,
author = {{Ben Daoud}, A},
school = {Universit{\'{e}} de Grenoble},
title = {{Am{\'{e}}liorations et d{\'{e}}veloppements d'une m{\'{e}}thode de pr{\'{e}}vision probabiliste des pluies par analogie.}},
year = {2010}
}
@misc{Magnin2006a,
author = {Magnin, V.},
file = {:C$\backslash$:/Users/pasca/Google Drive/Biblio/Mendeley/Magnin - 2006 - Optimisation et algorithmes g{\'{e}}n{\'{e}}tiques.pdf:pdf},
title = {{Optimisation et algorithmes g{\'{e}}n{\'{e}}tiques}},
url = {http://magnin.plil.net/spip.php?rubrique8},
year = {2006}
}
@article{Bontron2005,
abstract = {Abstract - A probabilistic adaptation of meteorological model outputs to hydrological forecasting. Anticipating flash floods over quick responding catchment such as the Mediterranean ones requires an appropriate anticipation of future rainfalls. We try here to answer this demand through a probabilistic adaptation of meteorological model outputs, based on an analog search for past situations similar to the expected one. The precipitations collected during those past situations allow to derive a conditional distribution for the expected rainfall. After calibration of the adaptation algorithms using the NCEP/NCAR reanalyses, an operational prototype of this analog approach has been implemented at our laboratory, using the outputs of the American model GFS . This prototype considers concurrently two types of analogy: a first one relies only on the general synoptic circulation, while the second involves both the general synoptic circulation and more local variables from the humidity fields. The catastrophic rain event of September 8 and 9th 2002 in the Gard region illustrates the value added by this second type of analogy. In this particular case, it would have allowed to foresee the exceptional character of the rain amounts already on the morning of Septembre 7th. R{\'{e}}sum{\'{e}} - L'anticipation des crues sur les bassins versants rapides tels que les bassins m{\'{e}}diterran{\'{e}}ens, requiert une pr{\'{e}}vision des pluies futures. On tente ici de r{\'{e}}pondre {\`{a}} ce besoin en utilisant une adaptation probabiliste des pr{\'{e}}visions m{\'{e}}t{\'{e}}orologiques bas{\'{e}}e sur la recherche de situations pass{\'{e}}es analogues aux situations pr{\'{e}}vues. Les pr{\'{e}}cipitations recueillies lors de ces situations pass{\'{e}}es nous permettent ainsi d'{\'{e}}tablir une distribution conditionnelle des pluies attendues. Apr{\`{e}}s calibration des algorithmes d'adaptation {\`{a}} l'aide des r{\'{e}}analyses NCEP/NCAR, un prototype op{\'{e}}rationnel d'adaptation par analogie a {\'{e}}t{\'{e}} mis en place au LTHE, utilisant les sorties du mod{\`{e}}le am{\'{e}}ricain GFS. Ce prototype met en oeuvre deux types d'analogie : une premi{\`{e}}re, bas{\'{e}}e uniquement sur la circulation g{\'{e}}n{\'{e}}rale, et une seconde qui consid{\`{e}}re {\`{a}} la fois la circulation g{\'{e}}n{\'{e}}rale et les valeurs plus locales d'humidit{\'{e}}. L'{\'{e}}v{\'{e}}nement de pluie catastrophique des 8 et 9 septembre 2002 dans la r{\'{e}}gion du Gard illustre l'int{\'{e}}r{\^{e}}t qu'apporte notamment le second type d'analogie. Dans ce cas, il aurait ainsi {\'{e}}t{\'{e}} possible d'annoncer le caract{\`{e}}re exceptionnel des pr{\'{e}}cipitations d{\`{e}}s le 7 septembre au matin.},
author = {Bontron, Guillaume and Obled, Charles},
file = {:C$\backslash$:/Users/pasca/Google Drive/Biblio/Mendeley/Bontron, Obled - 2005 - L'adaptation probabiliste des pr{\'{e}}visions m{\'{e}}t{\'{e}}orologiques pour la pr{\'{e}}vision hydrologique.pdf:pdf},
journal = {La Houille Blanche},
number = {1},
pages = {23--28},
title = {{L'adaptation probabiliste des pr{\'{e}}visions m{\'{e}}t{\'{e}}orologiques pour la pr{\'{e}}vision hydrologique}},
url = {http://www.shf-lhb.org/index.php?option=com{\_}article{\&}access=dkey{\&}dkey=10.1051/lhb:200501002{\&}lang=fr{\&}Itemid=0},
year = {2005}
}
@article{Zitzler2004a,
author = {Zitzler, Eckart and Laumanns, Marco and Bleuler, Stefan},
file = {:C$\backslash$:/Users/pasca/Google Drive/Biblio/Mendeley/Zitzler, Laumanns, Bleuler - 2004 - A tutorial on evolutionary multiobjective optimization.pdf:pdf},
journal = {Metaheuristics for Multiobjective Optimisation},
pages = {3--37},
title = {{A tutorial on evolutionary multiobjective optimization}},
url = {http://link.springer.com/chapter/10.1007/978-3-642-17144-4{\_}1},
year = {2004}
}
@article{Grefenstette1986,
author = {Grefenstette, J J},
journal = {IEEE Transactions on Systems, Man and Cybernetics},
number = {1},
pages = {122--128},
publisher = {IEEE},
title = {{Optimization of control parameters for genetic algorithms}},
volume = {16},
year = {1986}
}
@book{Holland1992a,
author = {Holland, J H},
publisher = {The MIT press},
title = {{Adaptation in Natural and Artificial Systems: An Introductory Analysis with Applications to Biology, Control and Artificial Intelligence}},
year = {1992}
}
@misc{Alliot2005,
author = {Alliot, J M and Durand, N},
editor = {{d’Etudes de la Navigation A{\'{e}}rienne}, Centre},
file = {:C$\backslash$:/Users/pasca/Google Drive/Biblio/Mendeley/Alliot, Durand - 2005 - Algorithmes g{\'{e}}n{\'{e}}tiques.pdf:pdf},
title = {{Algorithmes g{\'{e}}n{\'{e}}tiques}},
year = {2005}
}
@article{Wright1991a,
author = {Wright, Alden H.},
doi = {10.1016/B978-0-08-050684-5.50016-1},
file = {:C$\backslash$:/Users/pasca/Google Drive/Biblio/Mendeley/Wright - 1991 - Genetic Algorithms for Real Parameter Optimization.pdf:pdf},
isbn = {9780080506845},
issn = {10816593},
journal = {Foundations of genetic algorithms},
keywords = {evolution,foundations of genetic algorithms,genetic algorithm,morgan kaufman,optimization,rawlins},
pages = {205--218},
title = {{Genetic Algorithms for Real Parameter Optimization}},
volume = {1},
year = {1991}
}
@book{Schwefel1981,
author = {Schwefel, H P},
publisher = {John Wiley {\&} Sons, Inc.},
title = {{Numerical optimization of computer models}},
year = {1981}
}
@article{Beasley1996a,
author = {Beasley, J.E and Chu, P.C},
doi = {10.1016/0377-2217(95)00159-X},
file = {:C$\backslash$:/Users/pasca/Google Drive/Biblio/Mendeley/Beasley, Chu - 1996 - A genetic algorithm for the set covering problem.pdf:pdf},
issn = {03772217},
journal = {European Journal of Operational Research},
keywords = {combinatorial optimisation,genetic algorithms,set covering},
month = {oct},
number = {2},
pages = {392--404},
title = {{A genetic algorithm for the set covering problem}},
url = {http://linkinghub.elsevier.com/retrieve/pii/037722179500159X},
volume = {94},
year = {1996}
}
@article{Deb2001a,
author = {Deb, Kalyanmoy and Beyer, HG},
file = {:C$\backslash$:/Users/pasca/Google Drive/Biblio/Mendeley/Deb, Beyer - 2001 - Self-adaptive genetic algorithms with simulated binary crossover.pdf:pdf},
journal = {Evolutionary Computation},
number = {2},
pages = {197--221},
title = {{Self-adaptive genetic algorithms with simulated binary crossover}},
url = {http://www.mitpressjournals.org/doi/abs/10.1162/106365601750190406},
volume = {9},
year = {2001}
}
@book{Rechenberg1973,
author = {Rechenberg, I},
publisher = {Frommann-Holzboog},
title = {{Evolutionsstrategie: Optimierung technisher Systeme nach Prinzipien der biologischen Evolution}},
year = {1973}
}
@article{Smith1997a,
author = {Smith, JE and Fogarty, TC},
file = {:C$\backslash$:/Users/pasca/Google Drive/Biblio/Mendeley/Smith, Fogarty - 1997 - Operator and parameter adaptation in genetic algorithms.pdf:pdf},
isbn = {0050000500},
journal = {Soft Computing - A Fusion of Foundations, Methodologies and Applications},
number = {2},
pages = {81--87},
title = {{Operator and parameter adaptation in genetic algorithms}},
url = {http://link.springer.com/article/10.1007/s005000050009},
volume = {1},
year = {1997}
}
@article{Costa2005a,
author = {Costa, Caliane B.B. and Maciel, Maria Regina Wolf and Filho, Rubens Maciel},
doi = {10.1016/j.compchemeng.2005.08.005},
file = {:C$\backslash$:/Users/pasca/Google Drive/Biblio/Mendeley/Costa, Maciel, Filho - 2005 - Factorial design technique applied to genetic algorithm parameters in a batch cooling crystallization opti.pdf:pdf},
issn = {00981354},
journal = {Computers {\&} Chemical Engineering},
keywords = {batch,crystallization,dynamic simulation,factorial design,genetic algorithm,optimisation},
month = {sep},
number = {10},
pages = {2229--2241},
title = {{Factorial design technique applied to genetic algorithm parameters in a batch cooling crystallization optimisation}},
url = {http://linkinghub.elsevier.com/retrieve/pii/S0098135405001936},
volume = {29},
year = {2005}
}
@book{Goldberg1989,
author = {Goldberg, D E},
publisher = {Addison-Wesley Longman Publishing Co., Inc.},
title = {{Genetic Algorithms in Search, Optimization and Machine Learning}},
year = {1989}
}
@article{Horton2016a,
author = {Horton, Pascal and Jaboyedoff, Michel and Obled, Charles},
journal = {Journal of Climate},
title = {{Global Optimization of the Analogue Method by Means of Genetic Algorithms}},
volume = {submitted},
year = {2016}
}
@article{Lorenz1969,
author = {Lorenz, EN},
file = {:C$\backslash$:/Users/pasca/Google Drive/Biblio/Mendeley/Lorenz - 1969 - Atmospheric predictability as revealed by naturally occurring analogues.pdf:pdf},
journal = {Journal of the Atmospheric Sciences},
pages = {636--646},
title = {{Atmospheric predictability as revealed by naturally occurring analogues}},
url = {http://journals.ametsoc.org/doi/abs/10.1175/1520-0469(1969)26{\%}3C636:APARBN{\%}3E2.0.CO;2},
volume = {26},
year = {1969}
}
@inproceedings{Back1993a,
author = {B{\"{a}}ck, Thomas},
booktitle = {Proceedings of the 5th International Conference on Genetic Algorithms},
file = {:C$\backslash$:/Users/pasca/Google Drive/Biblio/Mendeley/B{\"{a}}ck - 1993 - Optimal Mutation Rates in Genetic Search.pdf:pdf},
pages = {2--8},
title = {{Optimal Mutation Rates in Genetic Search}},
url = {http://dl.acm.org/citation.cfm?id=1144201},
year = {1993}
}
@article{Herrera1998a,
author = {Herrera, F and Lozano, M and Verdegay, JL},
file = {:C$\backslash$:/Users/pasca/Google Drive/Biblio/Mendeley/Herrera, Lozano, Verdegay - 1998 - Tackling real-coded genetic algorithms Operators and tools for behavioural analysis.pdf:pdf},
journal = {Artificial Intelligence Review},
keywords = {abbreviations,bcga,binary-coded genetic algorithm,continuous search spaces,gas,genetic algorithms,rcga,real coding,real-coded genetic algorithm},
number = {4},
pages = {265--319},
title = {{Tackling real-coded genetic algorithms: Operators and tools for behavioural analysis}},
url = {http://link.springer.com/article/10.1023/A:1006504901164},
volume = {12},
year = {1998}
}
@inproceedings{Back1996a,
author = {B{\"{a}}ck, Thomas},
booktitle = {Artificial Evolution},
file = {:C$\backslash$:/Users/pasca/Google Drive/Biblio/Mendeley/B{\"{a}}ck - 1996 - Evolution strategies An alternative evolutionary algorithm.pdf:pdf},
pages = {3--20},
title = {{Evolution strategies: An alternative evolutionary algorithm}},
url = {http://link.springer.com/chapter/10.1007/3-540-61108-8{\_}27},
year = {1996}
}
@article{Beasley1993a,
author = {Beasley, David and Martin, RR and Bull, DR},
file = {:C$\backslash$:/Users/pasca/Google Drive/Biblio/Mendeley/Beasley, Martin, Bull - 1993 - An overview of genetic algorithms Part 1. Fundamentals.pdf:pdf},
journal = {University computing},
number = {2},
pages = {58--69},
title = {{An overview of genetic algorithms: Part 1. Fundamentals}},
url = {http://www.geocities.ws/francorbusetti/gabeasley1.pdf},
volume = {15},
year = {1993}
}
@inproceedings{Back1992a,
author = {B{\"{a}}ck, Thomas},
booktitle = {Proceedings of the First European Conference on Artificial Life},
file = {:C$\backslash$:/Users/pasca/Google Drive/Biblio/Mendeley/B{\"{a}}ck - 1992 - Self-adaptation in genetic algorithms.pdf:pdf},
pages = {263--271},
title = {{Self-adaptation in genetic algorithms}},
year = {1992}
}
@article{Reed2003a,
author = {Reed, Patrick and Minsker, Barbara S. and Goldberg, David E.},
doi = {10.1029/2002WR001483},
file = {:C$\backslash$:/Users/pasca/Google Drive/Biblio/Mendeley/Reed, Minsker, Goldberg - 2003 - Simplifying multiobjective optimization An automated design methodology for the nondominated sorted gen.pdf:pdf},
issn = {00431397},
journal = {Water Resources Research},
month = {jul},
number = {7},
pages = {1196},
title = {{Simplifying multiobjective optimization: An automated design methodology for the nondominated sorted genetic algorithm-II}},
url = {http://doi.wiley.com/10.1029/2002WR001483},
volume = {39},
year = {2003}
}
@inproceedings{Deb1999,
author = {Deb, Kalyanmoy and Beyer, HG},
booktitle = {Proceedings of the Genetic and Evolutionary Computation Conference (GECCO), Orlanda, USA},
file = {:C$\backslash$:/Users/pasca/Google Drive/Biblio/Mendeley/Deb, Beyer - 1999 - Self-adaptation in real-parameter genetic algorithms with simulated binary crossover.pdf:pdf},
pages = {172--179},
title = {{Self-adaptation in real-parameter genetic algorithms with simulated binary crossover}},
url = {http://repository.ias.ac.in/82737/},
year = {1999}
}
@phdthesis{Bontron2004,
author = {Bontron, G},
pages = {262 p.},
school = {Institut National Polytechnique de Grenoble},
title = {{Pr{\'{e}}vision quantitative des pr{\'{e}}cipitations: Adaptation probabiliste par recherche d'analogues. Utilisation des R{\'{e}}analyses NCEP/NCAR et application aux pr{\'{e}}cipitations du Sud-Est de la France.}},
year = {2004}
}
@phdthesis{Horton2012a,
author = {Horton, Pascal},
pages = {320 p.},
school = {Universit{\'{e}} de Lausanne},
title = {{Am{\'{e}}liorations et optimisation globale de la m{\'{e}}thode des analogues pour la pr{\'{e}}vision statistique des pr{\'{e}}cipitations. D{\'{e}}veloppement d'un outil de pr{\'{e}}vision et application op{\'{e}}rationnelle au bassin du Rh{\^{o}}ne {\`{a}} l'amont du L{\'{e}}man}},
type = {Th{\`{e}}se de doctorat},
year = {2012}
}
@article{Rudolph1994c,
author = {Rudolph, G.},
doi = {10.1109/ICEC.1994.350041},
file = {:C$\backslash$:/Users/pasca/Google Drive/Biblio/Mendeley/Rudolph - 1994 - Convergence of non-elitist strategies.pdf:pdf},
isbn = {0-7803-1899-4},
journal = {Proceedings of the First IEEE Conference on Evolutionary Computation. IEEE World Congress on Computational Intelligence},
keywords = {abstract,eas,elitist evolutionary al-,evolutionary algorithms,global convergence,gorithm,martingale theory,non,prove,represent a class of,sto-,su cient conditions to,this paper o ers},
pages = {63--66},
publisher = {Ieee},
title = {{Convergence of non-elitist strategies}},
url = {http://ieeexplore.ieee.org/lpdocs/epic03/wrapper.htm?arnumber=350041},
year = {1994}
}
@phdthesis{Bliefernicht2010,
author = {Bliefernicht, J},
school = {Universit{\"{a}}t Stuttgart},
title = {{Probability forecasts of daily areal precipitation for small river basins}},
year = {2010}
}
@techreport{Houck1995a,
author = {Houck, CR and Joines, J and Kay, MG},
booktitle = {NCSU-IE TR},
file = {:C$\backslash$:/Users/pasca/Google Drive/Biblio/Mendeley/Houck, Joines, Kay - 1995 - A genetic algorithm for function optimization a Matlab implementation.pdf:pdf},
number = {919},
title = {{A genetic algorithm for function optimization: a Matlab implementation}},
url = {http://www.igi.tugraz.at/lehre/MLB/WS12/task1.zip},
year = {1995}
}
@article{Gaffney2010a,
author = {Gaffney, J and Pearce, C and Green, D},
file = {:C$\backslash$:/Users/pasca/Google Drive/Biblio/Mendeley/Gaffney, Pearce, Green - 2010 - Binary versus real coding for genetic algorithms A false dichotomy.pdf:pdf},
journal = {ANZIAM Journal},
pages = {347--359},
title = {{Binary versus real coding for genetic algorithms: A false dichotomy?}},
url = {http://dev.journal.austms.org.au/ojs/index.php/ANZIAMJ/article/view/2776},
volume = {51},
year = {2010}
}
@article{Matheson1976,
author = {Matheson, JE and Winkler, RL},
file = {:C$\backslash$:/Users/pasca/Google Drive/Biblio/Mendeley/Matheson, Winkler - 1976 - Scoring rules for continuous probability distributions.pdf:pdf},
journal = {Management science},
number = {10},
pages = {1087--1096},
title = {{Scoring rules for continuous probability distributions}},
url = {http://pubsonline.informs.org/doi/abs/10.1287/mnsc.22.10.1087},
volume = {22},
year = {1976}
}
@article{Rudolph1994b,
author = {Rudolph, Gunter},
file = {:C$\backslash$:/Users/pasca/Google Drive/Biblio/Mendeley/Rudolph - 1994 - Convergence analysis of canonical genetic algorithms.pdf:pdf},
journal = {IEEE Transactions on Neural Networks},
number = {1},
pages = {96--101},
title = {{Convergence analysis of canonical genetic algorithms}},
url = {http://ieeexplore.ieee.org/xpls/abs{\_}all.jsp?arnumber=265964},
volume = {5},
year = {1994}
}
@article{Holland1992b,
author = {Holland, J.},
file = {:C$\backslash$:/Users/pasca/Google Drive/Biblio/Mendeley/Holland - 1992 - Genetic algorithms.pdf:pdf},
journal = {Scientific American},
number = {1},
pages = {66--72},
title = {{Genetic algorithms}},
volume = {267},
year = {1992}
}
@article{GarciaHernandez2009b,
abstract = {L'objectif prioritaire du projet de 3{\`{e}}me Correction du Rh{\^{o}}ne est d'am{\'{e}}liorer la protection de la Vall{\'{e}}e du Rh{\^{o}}ne en amont du lac L{\'{e}}man contre les crues. Dans ce contexte, le projet MINERVE vise {\`{a}} optimiser la gestion des flux hydrauliques, en profitant du r{\'{e}}seau d'am{\'{e}}nagements hydro{\'{e}}lectriques existant sur le bassin versant. Pour ce faire, un mod{\`{e}}le de pr{\'{e}}visions hydrom{\'{e}}t{\'{e}}orologiques et un mod{\`{e}}le d'aide {\`{a}} la d{\'{e}}cision pour l'exploitation pr{\'{e}}ventive des am{\'{e}}nagements sont d{\'{e}}velopp{\'{e}}s.},
author = {{Garc{\'{\i}}a Hern{\'{a}}ndez}, J and Horton, Pascal and Tobin, Cara and Boillat, JL},
file = {:C$\backslash$:/Users/pasca/Google Drive/Biblio/Mendeley/Garc{\'{\i}}a Hern{\'{a}}ndez et al. - 2009 - MINERVE 2010 Pr{\'{e}}vision hydrom{\'{e}}t{\'{e}}orologique et gestion des crues sur le Rh{\^{o}}ne alpin.pdf:pdf},
journal = {Wasser Energie Luft – Eau Energie Air},
pages = {297--302},
title = {{MINERVE 2010: Pr{\'{e}}vision hydrom{\'{e}}t{\'{e}}orologique et gestion des crues sur le Rh{\^{o}}ne alpin.}},
url = {http://infoscience.epfl.ch/record/143020/files/Wasser{\_}Energie{\_}Luft{\_}MINERVE{\_}JG-PH-CT-JLB.pdf},
volume = {4},
year = {2009}
}
@inproceedings{Hart1991a,
author = {Hart, William E and Belew, Richard K},
booktitle = {Proceedings of the Fourth International Conference on Genetic Algorithms},
file = {:C$\backslash$:/Users/pasca/Google Drive/Biblio/Mendeley/Hart, Belew - 1991 - Optimizing an arbitrary function is hard for the genetic algorithm.pdf:pdf},
pages = {190--195},
title = {{Optimizing an arbitrary function is hard for the genetic algorithm}},
year = {1991}
}
@article{Radanovics2013,
author = {Radanovics, S. and Vidal, J.-P. and Sauquet, E. and {Ben Daoud}, A. and Bontron, G.},
doi = {10.5194/hess-17-4189-2013},
file = {:C$\backslash$:/Users/pasca/Google Drive/Biblio/Mendeley/Radanovics et al. - 2013 - Optimising predictor domains for spatially coherent precipitation downscaling.pdf:pdf},
issn = {1607-7938},
journal = {Hydrology and Earth System Sciences},
keywords = {2 read priority 1},
mendeley-tags = {2 read priority 1},
number = {10},
pages = {4189--4208},
title = {{Optimising predictor domains for spatially coherent precipitation downscaling}},
url = {http://www.hydrol-earth-syst-sci.net/17/4189/2013/},
volume = {17},
year = {2013}
}
@inproceedings{Back1996b,
author = {B{\"{a}}ck, Thomas and Sch{\"{u}}tz, M},
booktitle = {Foundation of Intelligent Systems, 9th International Symposium},
file = {:C$\backslash$:/Users/pasca/Google Drive/Biblio/Mendeley/B{\"{a}}ck, Sch{\"{u}}tz - 1996 - Intelligent mutation rate control in canonical genetic algorithms.pdf:pdf},
pages = {158--167},
title = {{Intelligent mutation rate control in canonical genetic algorithms}},
url = {http://link.springer.com/chapter/10.1007/3-540-61286-6{\_}141},
year = {1996}
}
@article{Wilson2002,
author = {Wilson, L. and Vall{\'{e}}e, M.},
file = {:C$\backslash$:/Users/pasca/Google Drive/Biblio/Mendeley/Wilson, Vall{\'{e}}e - 2002 - The Canadian updateable model output statistics (UMOS) system Design and development tests.pdf:pdf},
journal = {Weather and Forecasting},
number = {2},
pages = {206--222},
title = {{The Canadian updateable model output statistics (UMOS) system: Design and development tests}},
volume = {17},
year = {2002}
}
@article{Mariano2010a,
author = {Mariano, AP and Costa, CBB and de Angelis, D and {Pires Atala}, D and {Maugeri Filho}, F and {Wolf Maciel}, M and {Maciel Filho}, R},
file = {:C$\backslash$:/Users/pasca/Google Drive/Biblio/Mendeley/Mariano et al. - 2010 - Genetic Algorithms (Binary and Real Codes) for the Optimisation of a Fermentation Process for Butanol Production.pdf:pdf},
journal = {International Journal of Chemical Reactor Engineering},
number = {8},
title = {{Genetic Algorithms (Binary and Real Codes) for the Optimisation of a Fermentation Process for Butanol Production}},
url = {http://www.degruyter.com/view/j/ijcre.2010.8.1/ijcre.2010.8.1.2333/ijcre.2010.8.1.2333.xml},
volume = {8},
year = {2010}
}
@article{Back1992b,
author = {B{\"{a}}ck, Thomas},
file = {:C$\backslash$:/Users/pasca/Google Drive/Biblio/Mendeley/B{\"{a}}ck - 1992 - The Interaction of Mutation Rate, Selection, and Self-Adaptation Within a Genetic Algorithm.pdf:pdf},
journal = {Parallel Problem Solving from Nature},
pages = {85--94},
title = {{The Interaction of Mutation Rate, Selection, and Self-Adaptation Within a Genetic Algorithm.}},
volume = {2},
year = {1992}
}
@article{BenDaoud2015,
author = {{Ben Daoud}, Aur{\'{e}}lien and Sauquet, Eric and Bontron, Guillaume and Obled, Charles and Lang, Michel},
doi = {10.1016/j.atmosres.2015.09.015},
file = {:C$\backslash$:/Users/pasca/Google Drive/Biblio/Mendeley/Ben Daoud et al. - 2015 - Daily quantitative precipitation forecasts based on the analogue method improvements and application to a F(2).pdf:pdf},
issn = {01698095},
journal = {Atmospheric Research},
keywords = {2 read priority 1,Analogues,ERA-40 reanalyses,Probabilistic quantitative precipitation forecasti,Sa{\^{o}}ne river basin,Statistical adaptation,probabilistic quantitative precipitation},
mendeley-tags = {2 read priority 1},
pages = {147--159},
publisher = {Elsevier B.V.},
title = {{Daily quantitative precipitation forecasts based on the analogue method: improvements and application to a French large river basin}},
url = {http://linkinghub.elsevier.com/retrieve/pii/S0169809515002951},
volume = {169},
year = {2015}
}
@article{Hersbach2000,
author = {Hersbach, H},
file = {:C$\backslash$:/Users/pasca/Google Drive/Biblio/Mendeley/Hersbach - 2000 - Decomposition of the continuous ranked probability score for ensemble prediction systems.pdf:pdf},
journal = {Weather and Forecasting},
number = {5},
pages = {559--570},
title = {{Decomposition of the continuous ranked probability score for ensemble prediction systems}},
url = {http://journals.ametsoc.org/doi/abs/10.1175/1520-0434(2000)015{\%}3C0559:DOTCRP{\%}3E2.0.CO;2},
volume = {15},
year = {2000}
}
@inproceedings{DeJong1992a,
author = {{De Jong}, KA},
booktitle = {Proceedings of the 2 nd Conference on Parallel Problems Solving from Nature},
file = {:C$\backslash$:/Users/pasca/Google Drive/Biblio/Mendeley/De Jong - 1992 - Are genetic algorithms function optimizers.pdf:pdf},
title = {{Are genetic algorithms function optimizers?}},
url = {http://www.mli.gmu.edu/papers/91-95/92-20.pdf},
year = {1992}
}
@article{Costa2007a,
author = {Costa, Caliane B.B. and a.C. Rivera, Elmer and Rezende, Mylene Cristina Alves Ferreira and Maciel, Maria Regina Wolf and Filho, Rubens Maciel},
doi = {10.1016/j.ces.2007.03.042},
file = {:C$\backslash$:/Users/pasca/Google Drive/Biblio/Mendeley/Costa et al. - 2007 - Prior detection of genetic algorithm significant parameters Coupling factorial design technique to genetic algorit.pdf:pdf},
issn = {00092509},
journal = {Chemical Engineering Science},
keywords = {computation,factorial design,genetic algorithm,numerical analysis,optimization,parameter identification},
month = {sep},
number = {17},
pages = {4780--4801},
title = {{Prior detection of genetic algorithm significant parameters: Coupling factorial design technique to genetic algorithm}},
url = {http://linkinghub.elsevier.com/retrieve/pii/S0009250907003168},
volume = {62},
year = {2007}
}
@phdthesis{DeJong1975a,
author = {{De Jong}, K A},
publisher = {University of Michigan},
school = {University of Michigan},
title = {{Analysis of the behavior of a class of genetic adaptive systems}},
year = {1975}
}
@article{Chardon2014,
author = {Chardon, Jeremy and Hingray, Benoit and Favre, Anne-Catherine and Autin, Philemon and Gailhard, Jo{\"{e}}l and Zin, Isabella and Obled, Charles},
doi = {10.1175/JCLI-D-13-00464.1},
file = {:C$\backslash$:/Users/pasca/Google Drive/Biblio/Mendeley/Chardon et al. - 2014 - Spatial Similarity and Transferability of Analog Dates for Precipitation Downscaling over France.pdf:pdf},
issn = {0894-8755},
journal = {Journal of Climate},
keywords = {2 read priority 1},
mendeley-tags = {2 read priority 1},
month = {jul},
number = {13},
pages = {5056--5074},
title = {{Spatial Similarity and Transferability of Analog Dates for Precipitation Downscaling over France}},
url = {http://journals.ametsoc.org/doi/abs/10.1175/JCLI-D-13-00464.1},
volume = {27},
year = {2014}
}
@inproceedings{Radcliffe1991a,
author = {Radcliffe, NJ},
booktitle = {Proceedings of the Fourth International Conference on Genetic Algorithms},
file = {:C$\backslash$:/Users/pasca/Google Drive/Biblio/Mendeley/Radcliffe - 1991 - Forma Analysis and Random Respectful Recombination.pdf:pdf},
pages = {222--229},
title = {{Forma Analysis and Random Respectful Recombination}},
url = {http://stochasticsolutions.com/pdf/icga91.pdf},
year = {1991}
}
@techreport{Spears1995a,
author = {Spears, WM and {De Jong}, KD},
file = {:C$\backslash$:/Users/pasca/Google Drive/Biblio/Mendeley/Spears, De Jong - 1995 - On the Virtues of Parameterized Uniform Crossover.pdf:pdf},
institution = {DTIC Document},
title = {{On the Virtues of Parameterized Uniform Crossover}},
url = {http://oai.dtic.mil/oai/oai?verb=getRecord{\&}metadataPrefix=html{\&}identifier=ADA293985},
year = {1995}
}
@article{Casati2008,
author = {Casati, B. and Wilson, L. J. and Stephenson, D. B. and Nurmi, P. and Ghelli, a. and Pocernich, M. and Damrath, U. and Ebert, E. E. and Brown, B. G. and Mason, S.},
doi = {10.1002/met.52},
file = {:C$\backslash$:/Users/pasca/Google Drive/Biblio/Mendeley/Casati et al. - 2008 - Forecast verification current status and future directions.pdf:pdf},
issn = {13504827},
journal = {Meteorological Applications},
keywords = {accepted 2 january 2008,extreme events verification,operational verification,probability forecasts and ensemble,received 17 september 2007,revised 7 december 2007,spatial verification approaches,user-oriented verification,value,verification,verification packages},
month = {mar},
number = {1},
pages = {3--18},
title = {{Forecast verification: current status and future directions}},
url = {http://doi.wiley.com/10.1002/met.52},
volume = {15},
year = {2008}
}
@article{Kazarlis2001,
author = {Kazarlis, S A and Papadakis, S E and Theocharis, J B and Petridis, V},
journal = {IEEE Transactions on Evolutionary Computation},
number = {3},
pages = {204--217},
publisher = {IEEE},
title = {{Microgenetic algorithms as generalized hill-climbing operators for GA optimization}},
volume = {5},
year = {2001}
}
@inproceedings{Fogarty1989,
author = {Fogarty, T C},
booktitle = {Proceedings of the third international conference on Genetic algorithms},
organization = {Morgan Kaufmann Publishers Inc.},
pages = {104--109},
title = {{Varying the probability of mutation in the genetic algorithm}},
year = {1989}
}
@article{Kalnay1996,
author = {Kalnay, E and Kanamitsu, M and Kistler, R and Collins, W and Deaven, D and Gandin, L and Iredell, M and Saha, S and White, G and Woollen, J},
file = {:C$\backslash$:/Users/pasca/Google Drive/Biblio/Mendeley/Kalnay et al. - 1996 - The NCEPNCAR 40-year reanalysis project.pdf:pdf},
journal = {Bulletin of the American Meteorological Society},
number = {3},
pages = {437--471},
title = {{The NCEP/NCAR 40-year reanalysis project}},
url = {http://journals.ametsoc.org/doi/abs/10.1175/1520-0477(1996)077{\%}3C0437:TNYRP{\%}3E2.0.CO;2},
volume = {77},
year = {1996}
}
@phdthesis{Marty2010,
author = {Marty, Renaud},
school = {Universit{\'{e}} de Grenoble},
title = {{Pr{\'{e}}vision hydrologique d'ensemble adapt{\'{e}}e aux bassins {\`{a}} crue rapide. Elaboration de pr{\'{e}}visions probabilistes de pr{\'{e}}cipitations {\`{a}} 12 et 24 h. D{\'{e}}sagr{\'{e}}gation horaire conditionnelle pour la mod{\'{e}}lisation hydrologique. Application {\`{a}} des bassins de la r{\'{e}}gion C{\'{e}}v}},
year = {2010}
}
@article{Goldberg1990a,
author = {Goldberg, DE},
file = {:C$\backslash$:/Users/pasca/Google Drive/Biblio/Mendeley/Goldberg - 1990 - Real-coded genetic algorithms, virtual alphabets, and blocking.pdf:pdf},
journal = {Urbana},
pages = {1--21},
title = {{Real-coded genetic algorithms, virtual alphabets, and blocking}},
url = {http://illigal.org/wp-content/uploads/illigal/pub/papers/IlliGALs/90001.pdf},
volume = {51},
year = {1990}
}
@inproceedings{BenDaoud2008,
author = {{Ben Daoud}, A and Sauquet, Eric and Lang, Michel and Obled, Charles and Bontron, Guillaume},
booktitle = {Colloque SHF-191e CST - «Pr{\'{e}}visions hydrom{\'{e}}t{\'{e}}orologiques», Lyon, 18-19 novembre 2008},
file = {:C$\backslash$:/Users/pasca/Google Drive/Biblio/Mendeley/Ben Daoud et al. - 2008 - La pr{\'{e}}vision des pr{\'{e}}cipitations par recherche d'analogues {\'{e}}tat de l'art et perspectives.pdf:pdf},
number = {6},
title = {{La pr{\'{e}}vision des pr{\'{e}}cipitations par recherche d'analogues: {\'{e}}tat de l'art et perspectives}},
year = {2008}
}
@article{Hesser1991,
author = {Hesser, J and M{\"{a}}nner, R},
journal = {Parallel problem solving from nature},
pages = {23--32},
publisher = {Springer},
title = {{Towards an optimal mutation probability for genetic algorithms}},
volume = {496},
year = {1991}
}
@article{Marty2012,
abstract = {Heavy rainfall events are rather common in Southern France and result frequently in devastating flash floods. Thus, an appropriate anticipation of future rainfall is required for early flood warning, at least 12 to 24 hours in advance, as well as for alerting operational services, at least 2 or 3 days ahead. Precipitation forecasts are generally provided by numerical weather prediction models (NWP) and their associated uncertainty is generally estimated through an ensemble approach. Precipitation forecasts have also to be adapted to hydrological scales. This study describes an alternative approach to commonly used Limited Area Models. Probabilistic Quantitative Precipitation Forecasts (PQPFs) are provided through an analog sorting technique, which directly links synoptic scale NWP output to catchment scale rainfall probability distributions. A first issue concerns our latest developments to implement a daily version of this technique into operational conditions. It is shown that the obtained PQPFs depend on the meteorological forecasts used for selecting analogous days and that the methodology has to be re-optimized when changing the source of synoptic forecasts, because of the NWP output uncertainties. Secondly, an evaluation of the PQPFs demonstrates that the analog technique performs well for early warning of heavy rainfall events and provides useful information as potential input of a hydrological ensemble prediction system. However, it is shown that the obtained daily rainfall distributions can be unreliable. A statistical correction of the observed bias is proposed as a function of the no rain frequency values, leading to a significant improvement in PQPF's sharpness.},
author = {Marty, Renaud and Zin, Isabella and Obled, Charles and Bontron, Guillaume and Djerboua, Abdelatif},
doi = {10.1175/JAMC-D-11-011.1},
issn = {1558-8424},
journal = {Journal of Applied Meteorology and Climatology},
keywords = {2 read priority 1},
mendeley-tags = {2 read priority 1},
month = {mar},
number = {3},
pages = {505--520},
title = {{Toward Real-Time Daily PQPF by an Analog Sorting Approach: Application to Flash-Flood Catchments}},
url = {http://journals.ametsoc.org/doi/abs/10.1175/JAMC-D-11-011.1},
volume = {51},
year = {2012}
}
@book{Haupt2004,
author = {Haupt, Randy L. and Haupt, Sue Ellen},
isbn = {978-0-471-45565-3},
pages = {272 p.},
publisher = {John Wiley {\&} Sons},
title = {{Practical genetic algorithms}},
year = {2004}
}
@article{Obled2002,
author = {Obled, Charles and Bontron, Guillaume and Gar{\c{c}}on, R{\'{e}}my},
doi = {10.1016/S0169-8095(02)00038-8},
file = {:C$\backslash$:/Users/pasca/Google Drive/Biblio/Mendeley/Obled, Bontron, Gar{\c{c}}on - 2002 - Quantitative precipitation forecasts a statistical adaptation of model outputs through an analogues sort.pdf:pdf},
issn = {01698095},
journal = {Atmospheric Research},
month = {aug},
number = {3-4},
pages = {303--324},
title = {{Quantitative precipitation forecasts: a statistical adaptation of model outputs through an analogues sorting approach}},
url = {http://linkinghub.elsevier.com/retrieve/pii/S0169809502000388},
volume = {63},
year = {2002}
}
@inproceedings{Syswerda1989,
author = {Syswerda, G},
booktitle = {Proceedings of the 3rd International Conference on Genetic Algorithms},
organization = {Morgan Kaufmann Publishers Inc.},
pages = {2--9},
title = {{Uniform Crossover in Genetic Algorithms}},
year = {1989}
}
@article{Beaslev1993,
author = {Beaslev, D and Bull, DR and Martin, RR},
file = {:C$\backslash$:/Users/pasca/Google Drive/Biblio/Mendeley/Beaslev, Bull, Martin - 1993 - An overview of genetic algorithms Part 2, research topics.pdf:pdf},
journal = {University computing},
number = {4},
pages = {170--181},
title = {{An overview of genetic algorithms: Part 2, research topics}},
url = {http://ralph.cs.cf.ac.uk/papers/GAs/ga{\_}overview2.pdf},
volume = {15},
year = {1993}
}
@article{Schraudolph1992a,
author = {Schraudolph, NN and Belew, RK},
file = {:C$\backslash$:/Users/pasca/Google Drive/Biblio/Mendeley/Schraudolph, Belew - 1992 - Dynamic parameter encoding for genetic algorithms.pdf:pdf},
journal = {Machine Learning},
number = {1},
pages = {9--21},
title = {{Dynamic parameter encoding for genetic algorithms}},
url = {http://link.springer.com/article/10.1023/A:1022624728869},
volume = {9},
year = {1992}
}
@phdthesis{Duband1970,
author = {Duband, D},
school = {Th{\`{e}}se de 3{\`{e}}me cycle de la facult{\'{e}} des sciences de Paris.},
title = {{Reconnaissance dynamique de la forme des situations m{\'{e}}t{\'{e}}orologiques. Application {\`{a}} la pr{\'{e}}vision quantitative des pr{\'{e}}cipitations.}},
year = {1970}
}
@book{Schwefel1993,
address = {New York, NY, USA},
author = {Schwefel, Hans-Paul Paul},
isbn = {0471571482},
publisher = {John Wiley {\&} Sons, Inc.},
title = {{Evolution and Optimum Seeking}},
year = {1993}
}
@article{Goldberg1991a,
author = {Goldberg, DE and Deb, Kalyanmoy},
file = {:C$\backslash$:/Users/pasca/Google Drive/Biblio/Mendeley/Goldberg, Deb - 1991 - A comparative analysis of selection schemes used in genetic algorithms.pdf:pdf},
journal = {Urbana},
keywords = {growth ratio,itor,proportionate selection,ranking selection,takeover time,time complexity,tournament},
pages = {69--93},
title = {{A comparative analysis of selection schemes used in genetic algorithms}},
url = {http://pdf.aminer.org/000/212/484/a{\_}comparative{\_}analysis{\_}of{\_}selection{\_}schemes{\_}used{\_}in{\_}genetic{\_}algorithms.pdf},
volume = {1},
year = {1991}
}
