Automatically generated by Mendeley Desktop 1.17.6
Any changes to this file will be lost if it is regenerated by Mendeley.

BibTeX export options can be customized via Options -> BibTeX in Mendeley Desktop

@inproceedings{Hart1991a,
author = {Hart, William E and Belew, Richard K},
booktitle = {Proceedings of the Fourth International Conference on Genetic Algorithms},
pages = {190--195},
title = {{Optimizing an arbitrary function is hard for the genetic algorithm}},
year = {1991}
}
@article{Marty2012,
author = {Marty, Renaud and Zin, Isabella and Obled, Charles and Bontron, Guillaume and Djerboua, Abdelatif},
doi = {10.1175/JAMC-D-11-011.1},
isbn = {1558-8424},
issn = {15588424},
journal = {J. Appl. Meteorol. Clim.},
month = {mar},
number = {3},
pages = {505--520},
title = {{Toward real-time daily PQPF by an analog sorting approach: Application to flash-flood catchments}},
volume = {51},
year = {2012}
}
@article{Seibert2000a,
author = {Seibert, J},
doi = {10.5194/hess-4-215-2000},
journal = {Hydrol. Earth Syst. Sci.},
number = {2},
pages = {215--224},
title = {{Multi-criteria calibration of a conceptual runoff model using a genetic algorithm}},
volume = {4},
year = {2000}
}
@article{Wetterhall2007,
author = {Wetterhall, Fredrik and Halldin, S. and Xu, Chong-yu},
doi = {10.1007/s00704-005-0223-3},
issn = {0177-798X},
journal = {Theor. Appl. Climatol.},
month = {jun},
number = {1-4},
pages = {123--137},
title = {{Seasonality properties of four statistical-downscaling methods in central Sweden}},
volume = {87},
year = {2007}
}
@inproceedings{Back1992b,
address = {Brussels, Belgium},
author = {B{\"{a}}ck, Thomas},
booktitle = {Proceedings of the 2nd Conference on Parallel Problem Solving from Nature},
editor = {Manner, Reinhard and Manderick, Bernard},
pages = {85--94},
publisher = {Elsevier Science Inc.},
title = {{The Interaction of Mutation Rate, Selection, and Self-Adaptation Within a Genetic Algorithm.}},
year = {1992}
}
@article{Maraun2010,
author = {Maraun, D and Wetterhall, Fredrik and Chandler, R E and Kendon, E J and Widmann, M and Brienen, S and Rust, H W and Sauter, T and Theme{\ss}l, M and Venema, V K C and Chun, K P and Goodess, C M and Jones, R G and Onof, C and Vrac, M and Thiele-Eich, I},
doi = {10.1029/2009RG000314},
journal = {Rev. Geophys.},
number = {RG3003},
pages = {1--34},
title = {{Precipitation downscaling under climate change: Recent developements to bridge the gap between dynamical models and the end user}},
volume = {48},
year = {2010}
}
@article{Gaffney2010a,
author = {Gaffney, J and Pearce, C and Green, D},
doi = {10.21914/anziamj.v51i0.2776},
journal = {ANZIAM J.},
pages = {347--359},
title = {{Binary versus real coding for genetic algorithms: A false dichotomy?}},
volume = {51},
year = {2010}
}
@techreport{Lorenz1956,
author = {Lorenz, EN},
institution = {Massachusetts Institute of Technology, Department of Meteorology, Massachusetts Institute of Technology, Dept. of Meteorology},
title = {{Empirical orthogonal functions and statistical weather prediction}},
year = {1956}
}
@article{Kazarlis2001,
author = {Kazarlis, S A and Papadakis, S E and Theocharis, J B and Petridis, V},
doi = {10.1109/4235.930311},
journal = {IEEE Trans. Evolut. Comput.},
number = {3},
pages = {204--217},
publisher = {IEEE},
title = {{Microgenetic algorithms as generalized hill-climbing operators for GA optimization}},
volume = {5},
year = {2001}
}
@article{Junk2015,
author = {Junk, Constantin and {Delle Monache}, Luca and Alessandrini, Stefano and Cervone, Guido and von Bremen, Lueder},
doi = {10.1127/metz/2015/0659},
issn = {0941-2948},
journal = {Meteorologische Zeitschrift},
number = {4},
pages = {361--379},
title = {{Predictor-weighting strategies for probabilistic wind power forecasting with an analog ensemble}},
volume = {24},
year = {2015}
}
@article{Lorenz1969,
author = {Lorenz, EN},
doi = {10.1175/1520-0469(1969)26<636:aparbn>2.0.co;2},
journal = {J. Atmos. Sci.},
pages = {636--646},
title = {{Atmospheric predictability as revealed by naturally occurring analogues}},
volume = {26},
year = {1969}
}
@article{Bolognesi1993,
author = {Bolognesi, R},
doi = {10.1051/lhb/1993045},
journal = {La Houille Blanche},
pages = {551--553},
title = {{Premiers d{\'{e}}veloppements d'un mod{\`{e}}le hybride pour le diagnostic spatial des risques d'avalanches}},
volume = {8},
year = {1993}
}
@article{Matheson1976,
author = {Matheson, JE and Winkler, RL},
doi = {10.1287/mnsc.22.10.1087},
journal = {Manage. Sci.},
number = {10},
pages = {1087--1096},
title = {{Scoring rules for continuous probability distributions}},
volume = {22},
year = {1976}
}
@article{Teweles1954,
author = {Teweles, S and Wobus, H B},
journal = {Bull. Am. Meteorol. Soc.},
pages = {455--463},
title = {{Verification of prognostic charts}},
volume = {35},
year = {1954}
}
@book{Haupt2004,
author = {Haupt, Randy L. and Haupt, Sue Ellen},
isbn = {978-0-471-45565-3},
pages = {272 p.},
publisher = {John Wiley {\&} Sons},
title = {{Practical genetic algorithms}},
year = {2004}
}
@article{Obled1980,
author = {Obled, Charles and Good, W},
doi = {10.3198/1980JoG25-92-315-346},
journal = {J. Glaciol.},
pages = {315--346},
title = {{Recent developments of avalanche forecasting by discriminant analysis techniques: a methodological review and some applications to the Parsenn area (Davos, Switzerland)}},
volume = {25},
year = {1980}
}
@phdthesis{Duband1970,
author = {Duband, Daniel},
school = {Facult{\'{e}} des sciences de Paris},
title = {{Reconnaissance dynamique de la forme des situations m{\'{e}}t{\'{e}}orologiques. Application {\`{a}} la pr{\'{e}}vision quantitative des pr{\'{e}}cipitations.}},
year = {1970}
}
@article{Rudolph1994b,
author = {Rudolph, Gunter},
doi = {10.1109/72.265964},
journal = {IEEE Trans. Neural Netw.},
number = {1},
pages = {96--101},
title = {{Convergence analysis of canonical genetic algorithms}},
volume = {5},
year = {1994}
}
@inproceedings{Back1992a,
author = {B{\"{a}}ck, Thomas},
booktitle = {Proceedings of the First European Conference on Artificial Life},
pages = {263--271},
title = {{Self-adaptation in genetic algorithms}},
year = {1992}
}
@inproceedings{Deb1999,
author = {Deb, Kalyanmoy and Beyer, HG},
booktitle = {Proceedings of the Genetic and Evolutionary Computation Conference (GECCO), Orlanda, USA},
isbn = {1-55860-611-4},
pages = {172--179},
title = {{Self-adaptation in real-parameter genetic algorithms with simulated binary crossover}},
year = {1999}
}
@article{Obled2002,
author = {Obled, Charles and Bontron, Guillaume and Gar{\c{c}}on, R{\'{e}}my},
doi = {10.1016/S0169-8095(02)00038-8},
issn = {01698095},
journal = {Atmos. Res.},
month = {aug},
number = {3-4},
pages = {303--324},
title = {{Quantitative precipitation forecasts: a statistical adaptation of model outputs through an analogues sorting approach}},
volume = {63},
year = {2002}
}
@article{Horton2016a,
author = {Horton, Pascal and Obled, Charles and Jaboyedoff, Michel},
doi = {10.5194/hess-2016-246},
issn = {1812-2116},
journal = {Hydrol. Earth Syst. Sci. Discuss.},
month = {may},
pages = {in review},
publisher = {Copernicus GmbH},
title = {{The Analogue Method for Precipitation Forecasting: Finding Better Analogue Situations at a Sub-Daily Time Step}},
year = {2016}
}
@phdthesis{Marty2010,
author = {Marty, Renaud},
school = {Universit{\'{e}} de Grenoble},
title = {{Pr{\'{e}}vision hydrologique d'ensemble adapt{\'{e}}e aux bassins {\`{a}} crue rapide. Elaboration de pr{\'{e}}visions probabilistes de pr{\'{e}}cipitations {\`{a}} 12 et 24 h. D{\'{e}}sagr{\'{e}}gation horaire conditionnelle pour la mod{\'{e}}lisation hydrologique. Application {\`{a}} des bassins de la r{\'{e}}gion C{\'{e}}v}},
year = {2010}
}
@article{Schraudolph1992a,
author = {Schraudolph, NN and Belew, RK},
doi = {10.1007/bf00993252},
journal = {Mach. Learn.},
number = {1},
pages = {9--21},
title = {{Dynamic parameter encoding for genetic algorithms}},
volume = {9},
year = {1992}
}
@article{Radinovic1975,
author = {Radinovic, D},
doi = {10.1175/1520-0493(1975)103<0639:aamfwf>2.0.co;2},
journal = {Mon. Weather Rev.},
number = {7},
pages = {639--649},
title = {{An analogue method for weather forecasting using the 500/1000 mb relative topography}},
volume = {103},
year = {1975}
}
@article{DelleMonache2011,
author = {{Delle Monache}, Luca and Nipen, Thomas and Liu, Yubao and Roux, Gregory and Stull, Roland},
doi = {10.1175/2011MWR3653.1},
isbn = {8610829952},
issn = {0027-0644},
journal = {Mon. Weather Rev.},
number = {11},
pages = {3554--3570},
title = {{Kalman Filter and Analog Schemes to Postprocess Numerical Weather Predictions}},
volume = {139},
year = {2011}
}
@article{Smith1997a,
author = {Smith, JE Jim E and Fogarty, TC C},
doi = {10.1007/s005000050009},
isbn = {0050000500},
issn = {1432-7643},
journal = {Soft Comput.},
number = {2},
pages = {81--87},
title = {{Operator and parameter adaptation in genetic algorithms}},
volume = {1},
year = {1997}
}
@article{Grefenstette1986,
author = {Grefenstette, John J},
doi = {10.1109/TSMC.1986.289288},
isbn = {0018-9472},
issn = {0018-9472},
journal = {IEEE Trans. Syst. Man Cyb.},
number = {1},
pages = {122--128},
pmid = {11723920},
publisher = {IEEE},
title = {{Optimization of Control Parameters for Genetic Algorithms}},
volume = {16},
year = {1986}
}
@article{Dayon2015,
author = {Dayon, G. and Bo{\'{e}}, J. and Martin, E.},
doi = {10.1002/2014JD022236},
issn = {2169897X},
journal = {J. Geophys. Res.: Atmos.},
month = {feb},
number = {3},
pages = {1023--1043},
title = {{Transferability in the future climate of a statistical downscaling method for precipitation in France}},
volume = {120},
year = {2015}
}
@book{Michalewicz1996,
author = {Michalewicz, Z},
edition = {3rd editio},
publisher = {Springer-Verlag},
title = {{Genetic Algorithms + Data Structures = Evolution Programs}},
year = {1996}
}
@inproceedings{BenDaoud2008,
author = {{Ben Daoud}, Aur{\'{e}}lien and Sauquet, Eric and Lang, Michel and Obled, Charles and Bontron, Guillaume},
booktitle = {Colloque SHF-191e CST - «Pr{\'{e}}visions hydrom{\'{e}}t{\'{e}}orologiques», Lyon, 18-19 novembre 2008},
number = {6},
title = {{La pr{\'{e}}vision des pr{\'{e}}cipitations par recherche d'analogues: {\'{e}}tat de l'art et perspectives}},
year = {2008}
}
@article{GarciaHernandez2009b,
author = {{Garc{\'{i}}a Hern{\'{a}}ndez}, J and Horton, Pascal and Tobin, Cara and Boillat, JL},
journal = {Wasser Energie Luft – Eau Energie Air},
pages = {297--302},
title = {{MINERVE 2010: Pr{\'{e}}vision hydrom{\'{e}}t{\'{e}}orologique et gestion des crues sur le Rh{\^{o}}ne alpin.}},
volume = {4},
year = {2009}
}
@inproceedings{Back1995a,
author = {B{\"{a}}ck, Thomas},
booktitle = {Proceedings of the 6th International Conference on Genetic Algorithms},
pages = {2--8},
title = {{Generalized Convergence Models for Tournament- and (mu, lambda)-Selection}},
year = {1995}
}
@article{BenDaoud2016,
author = {{Ben Daoud}, Aur{\'{e}}lien and Sauquet, Eric and Bontron, Guillaume and Obled, Charles and Lang, Michel},
doi = {10.1016/j.atmosres.2015.09.015},
issn = {01698095},
journal = {Atmos. Res.},
pages = {147--159},
publisher = {Elsevier B.V.},
title = {{Daily quantitative precipitation forecasts based on the analogue method: improvements and application to a French large river basin}},
volume = {169},
year = {2016}
}
@article{Costa2007a,
author = {Costa, Caliane B.B. and a.C. Rivera, Elmer and Rezende, Mylene Cristina Alves Ferreira and Maciel, Maria Regina Wolf and Filho, Rubens Maciel},
doi = {10.1016/j.ces.2007.03.042},
issn = {00092509},
journal = {Chem. Eng. Sci.},
month = {sep},
number = {17},
pages = {4780--4801},
title = {{Prior detection of genetic algorithm significant parameters: Coupling factorial design technique to genetic algorithm}},
volume = {62},
year = {2007}
}
@article{Radanovics2013,
author = {Radanovics, Sabine and Vidal, J.-P. and Sauquet, Eric and {Ben Daoud}, Aur{\'{e}}lien and Bontron, Guillaume},
doi = {10.5194/hess-17-4189-2013},
issn = {1607-7938},
journal = {Hydrol. Earth Syst. Sci.},
number = {10},
pages = {4189--4208},
title = {{Optimising predictor domains for spatially coherent precipitation downscaling}},
volume = {17},
year = {2013}
}
@article{DeJong1993a,
author = {{De Jong}, Kenneth A.},
doi = {10.1016/B978-0-08-094832-4.50006-4},
isbn = {9780080948324},
issn = {10816593},
journal = {Found. Genet. Algorithms},
pages = {5--17},
title = {{Genetic Algorithms Are NOT Function Optimizers}},
volume = {2},
year = {1993}
}
@article{Horton2016,
author = {Horton, Pascal and Jaboyedoff, Michel and Obled, Charles},
doi = {10.1175/MWR-D-16-0093.1},
journal = {Mon. Weather Rev.},
title = {{Global Optimization of an Analog Method by Means of Genetic Algorithms}},
volume = {Accepted},
year = {2016}
}
@incollection{Drosdowsky2003,
author = {Drosdowsky, W and Zhang, H},
booktitle = {Forecast verification: a practitioner's guide in atmospheric science},
chapter = {6},
editor = {Jolliffe, I T and Stephenson, D B},
pages = {121--136},
publisher = {Wiley},
title = {{Verification of Spatial Fields}},
year = {2003}
}
@incollection{Back1996a,
author = {B{\"{a}}ck, Thomas},
booktitle = {Artificial Evolution},
doi = {10.1007/3-540-61108-8_27},
pages = {1--20},
title = {{Evolution strategies: An alternative evolutionary algorithm}},
year = {1996}
}
@article{Holland1992b,
author = {Holland, John H.},
doi = {10.1038/scientificamerican0792-66},
issn = {0036-8733},
journal = {Sci. Am.},
month = {jul},
number = {1},
pages = {66--72},
title = {{Genetic Algorithms}},
volume = {267},
year = {1992}
}
@article{Kistler2001,
author = {Kistler, Robert and Kalnay, E. and Collins, W. and Saha, S. and White, G. and Woollen, J. and Chelliah, M. and Ebisuzaki, W. and Kanamitsu, M. and Kousky, V.},
doi = {10.1175/1520-0477(2001)082<0247:TNNYRM>2.3.CO;2},
journal = {Bull. Am. Meteorol. Soc.},
number = {2},
pages = {247--268},
title = {{The NCEP-NCAR 50-year reanalysis: Monthly means CD-ROM and documentation}},
volume = {82},
year = {2001}
}
@article{Nelder1965a,
author = {Nelder, JA and Mead, R},
doi = {10.1093/comjnl/7.4.308},
journal = {Comp. J.},
number = {4},
pages = {308--313},
title = {{A simplex method for function minimization}},
volume = {7},
year = {1965}
}
@inproceedings{Fonseca1993a,
author = {Fonseca, CM and Fleming, PJ},
booktitle = {Proceedings of the fifth international conference on genetic algorithms},
number = {July},
title = {{Genetic algorithms for multiobjective optimization: Formulation, discussion and generalization}},
year = {1993}
}
@article{Kalnay1996,
author = {Kalnay, E and Kanamitsu, M and Kistler, R and Collins, W. and Deaven, D and Gandin, L and Iredell, M and Saha, S and White, G and Woollen, J},
doi = {10.1175/1520-0477(1996)077<0437:tnyrp>2.0.co;2},
journal = {Bull. Am. Meteorol. Soc.},
number = {3},
pages = {437--471},
title = {{The NCEP/NCAR 40-year reanalysis project}},
volume = {77},
year = {1996}
}
@book{Goldberg1989,
author = {Goldberg, D E},
publisher = {Addison-Wesley Longman Publishing Co., Inc.},
title = {{Genetic Algorithms in Search, Optimization and Machine Learning}},
year = {1989}
}
@book{Schwefel1981,
author = {Schwefel, Hans-Paul},
publisher = {John Wiley {\&} Sons, Inc.},
title = {{Numerical optimization of computer models}},
year = {1981}
}
@book{Schwefel1993,
address = {New York, NY, USA},
author = {Schwefel, Hans-Paul},
isbn = {0471571482},
publisher = {John Wiley {\&} Sons, Inc.},
title = {{Evolution and Optimum Seeking}},
year = {1993}
}
@techreport{Brown1974,
author = {Brown, TA},
pages = {P--5235},
title = {{Admissible Scoring Systems for Continuous Distributions.}},
year = {1974}
}
@article{Beaslev1993,
author = {Beaslev, D and Bull, DR and Martin, RR},
journal = {U. Comput.},
number = {4},
pages = {170--181},
title = {{An overview of genetic algorithms: Part 2, research topics}},
volume = {15},
year = {1993}
}
@article{Hamill2006,
author = {Hamill, T and Whitaker, J},
doi = {10.1175/mwr3237.1},
journal = {Mon. Weather Rev.},
number = {11},
pages = {3209--3229},
title = {{Probabilistic quantitative precipitation forecasts based on reforecast analogs: Theory and application}},
volume = {134},
year = {2006}
}
@inproceedings{Radcliffe1991a,
author = {Radcliffe, NJ},
booktitle = {Proceedings of the Fourth International Conference on Genetic Algorithms},
pages = {222--229},
title = {{Forma Analysis and Random Respectful Recombination}},
year = {1991}
}
@inproceedings{Hinterding1995a,
author = {Hinterding, Robert and Gielewski, Harry and Peachey, TC},
booktitle = {Proceedings of the Sixth International Conference on Genetic Algorithms},
pages = {65--72},
title = {{The Nature of Mutation in Genetic Algorithms.}},
year = {1995}
}
@phdthesis{DeJong1975a,
author = {{De Jong}, Kenneth A.},
publisher = {University of Michigan},
school = {University of Michigan},
title = {{Analysis of the behavior of a class of genetic adaptive systems}},
year = {1975}
}
@phdthesis{BenDaoud2010,
author = {{Ben Daoud}, Aur{\'{e}}lien},
school = {Universit{\'{e}} de Grenoble},
title = {{Am{\'{e}}liorations et d{\'{e}}veloppements d'une m{\'{e}}thode de pr{\'{e}}vision probabiliste des pluies par analogie.}},
year = {2010}
}
@inproceedings{Rudolph1994c,
author = {Rudolph, Gunter},
doi = {10.1109/ICEC.1994.350041},
isbn = {0-7803-1899-4},
booktitle = {Proceedings of the First IEEE Conference on Evolutionary Computation. IEEE World Congress on Computational Intelligence},
pages = {63--66},
publisher = {Ieee},
title = {{Convergence of non-elitist strategies}},
year = {1994}
}
@inproceedings{Fogarty1989,
author = {Fogarty, T C},
booktitle = {Proceedings of the third international conference on Genetic algorithms},
organization = {Morgan Kaufmann Publishers Inc.},
pages = {104--109},
title = {{Varying the probability of mutation in the genetic algorithm}},
year = {1989}
}
@phdthesis{Guilbaud1997,
author = {Guilbaud, Sophie},
pages = {386 p.},
school = {Institut National Polytechnique de Grenoble},
title = {{Pr{\'{e}}vision quantitative des pr{\'{e}}cipitations journali{\`{e}}res par une m{\'{e}}thode statistico-dynamique des recherche d'analogues - Application {\`{a}} des bassins du pourtour m{\'{e}}diterran{\'{e}}en}},
year = {1997}
}
@article{Foresti2015a,
author = {Foresti, Loris and Panziera, Luca and Mandapaka, Pradeep V. and Germann, Urs and Seed, Alan},
doi = {10.1002/met.1416},
isbn = {13504827 (ISSN)},
issn = {14698080},
journal = {Meteorol. Appl.},
number = {2},
pages = {141--155},
title = {{Retrieval of analogue radar images for ensemble nowcasting of orographic rainfall}},
volume = {22},
year = {2015}
}
@techreport{Houck1995a,
author = {Houck, CR and Joines, J and Kay, MG},
booktitle = {NCSU-IE TR},
number = {919},
title = {{A genetic algorithm for function optimization: a Matlab implementation}},
year = {1995}
}
@phdthesis{Horton2012a,
author = {Horton, Pascal},
pages = {320 p.},
school = {Universit{\'{e}} de Lausanne},
title = {{Am{\'{e}}liorations et optimisation globale de la m{\'{e}}thode des analogues pour la pr{\'{e}}vision statistique des pr{\'{e}}cipitations. D{\'{e}}veloppement d'un outil de pr{\'{e}}vision et application op{\'{e}}rationnelle au bassin du Rh{\^{o}}ne {\`{a}} l'amont du L{\'{e}}man}},
type = {Th{\`{e}}se de doctorat},
year = {2012}
}
@techreport{Spears1995a,
author = {Spears, WM and {De Jong}, Kenneth A.},
institution = {DTIC Document},
title = {{On the Virtues of Parameterized Uniform Crossover}},
year = {1995}
}
@article{Horton2012,
author = {Horton, Pascal and Jaboyedoff, Michel and Metzger, Richard and Obled, Charles and Marty, Renaud},
doi = {10.5194/nhess-12-777-2012},
journal = {Nat. Hazards Earth Syst. Sci.},
pages = {777--784},
title = {{Spatial relationship between the atmospheric circulation and the precipitation measured in the western Swiss Alps by means of the analogue method}},
volume = {12},
year = {2012}
}
@article{Mariano2010a,
author = {Mariano, AP and Costa, CBB and de Angelis, D and {Pires Atala}, D and {Maugeri Filho}, F and {Wolf Maciel}, M and {Maciel Filho}, R},
doi = {10.2202/1542-6580.2333},
journal = {Int. J. Chem. React. Eng.},
number = {8},
title = {{Genetic Algorithms (Binary and Real Codes) for the Optimisation of a Fermentation Process for Butanol Production}},
volume = {8},
year = {2010}
}
@article{Vanvyve2015,
author = {Vanvyve, Emilie and {Delle Monache}, Luca and Monaghan, Andrew J. and Pinto, James O.},
doi = {10.1016/j.renene.2014.08.060},
issn = {09601481},
journal = {Renew. Energy},
pages = {761--773},
publisher = {Elsevier Ltd},
title = {{Wind resource estimates with an analog ensemble approach}},
volume = {74},
year = {2015}
}
@article{Alessandrini2015a,
author = {Alessandrini, Stefano and {Delle Monache}, Luca and Sperati, S. and Cervone, G.},
doi = {10.1016/j.apenergy.2015.08.011},
issn = {03062619},
journal = {Appl. Energy},
pages = {95--110},
publisher = {Elsevier Ltd},
title = {{An analog ensemble for short-term probabilistic solar power forecast}},
volume = {157},
year = {2015}
}
@misc{Magnin2006a,
author = {Magnin, V.},
title = {{Optimisation et algorithmes g{\'{e}}n{\'{e}}tiques}},
url = {http://magnin.plil.net/spip.php?rubrique8},
year = {2006}
}
@article{Chardon2014,
author = {Chardon, Jeremy and Hingray, Beno{\^{i}}t and Favre, Anne-Catherine and Autin, Philemon and Gailhard, Jo{\"{e}}l and Zin, Isabella and Obled, Charles},
doi = {10.1175/JCLI-D-13-00464.1},
issn = {0894-8755},
journal = {J. Clim.},
month = {jul},
number = {13},
pages = {5056--5074},
title = {{Spatial Similarity and Transferability of Analog Dates for Precipitation Downscaling over France}},
volume = {27},
year = {2014}
}
@incollection{Zitzler2004a,
author = {Zitzler, Eckart and Laumanns, Marco and Bleuler, Stefan},
booktitle = {Metaheuristics for Multiobjective Optimisation},
doi = {10.1007/978-3-642-17144-4_1},
pages = {3--37},
title = {{A Tutorial on Evolutionary Multiobjective Optimization}},
year = {2004}
}
@article{Caillouet2016,
author = {Caillouet, Laurie and Vidal, Jean-Philippe and Sauquet, Eric and Graff, Benjamin},
doi = {10.5194/cp-12-635-2016},
journal = {Clim. Past},
number = {3},
pages = {635--662},
title = {{Probabilistic precipitation and temperature downscaling of the Twentieth Century Reanalysis over France}},
volume = {12},
year = {2016}
}
@article{Deb2001a,
author = {Deb, Kalyanmoy and Beyer, HG},
doi = {10.1162/106365601750190406},
journal = {Evol. Comput.},
number = {2},
pages = {197--221},
title = {{Self-adaptive genetic algorithms with simulated binary crossover}},
volume = {9},
year = {2001}
}
@inproceedings{Bois1981,
author = {Bois, P and Obled, Charles and Thalamy, J},
booktitle = {C.R. du colloque M{\'{e}}t{\'{e}}orologie de l'{\'{e}}nergie solaire, PIRDES-CNRS, Toulouse},
pages = {145--177},
title = {{Etude des liaisons entre champs de pression et temp{\'{e}}ratures sur l'Europe avec la dur{\'{e}}e d'insolation: Application {\`{a}} la possibilit{\'{e}} de la pr{\'{e}}vision d'insolation}},
year = {1981}
}
@article{DelleMonache2013,
author = {{Delle Monache}, Luca and Eckel, F. Anthony and Rife, Daran L. and Nagarajan, Badrinath and Searight, Keith},
doi = {10.1175/MWR-D-12-00281.1},
issn = {0027-0644},
journal = {Mon. Weather Rev.},
pages = {3498--3516},
title = {{Probabilistic Weather Prediction with an Analog Ensemble.}},
volume = {141},
year = {2013}
}
@article{Hamill2015,
author = {Hamill, Thomas M and Scheuerer, Michael and Bates, Gary T},
doi = {10.1175/MWR-D-15-0004.1},
journal = {Mon. Weather Rev.},
number = {8},
pages = {3300--3309},
title = {{Analog Probabilistic Precipitation Forecasts Using GEFS Reforecasts and Climatology-Calibrated Precipitation Analyses}},
volume = {143},
year = {2015}
}
@article{Raynaud2016b,
author = {Raynaud, Damien and Hingray, Benoit and Zin, Isabella and Anquetin, Sandrine and Debionne, Samuel and Vautard, Robert},
doi = {10.1002/joc.4844},
issn = {08998418},
journal = {Int. J. Climatol.},
title = {{Atmospheric analogues for physically consistent scenarios of surface weather in Europe and Maghreb}},
year = {2016}
}
@article{Beasley1996a,
author = {Beasley, J.E and Chu, P.C},
doi = {10.1016/0377-2217(95)00159-X},
issn = {03772217},
journal = {Eur. J. Oper. Res.},
month = {oct},
number = {2},
pages = {392--404},
title = {{A genetic algorithm for the set covering problem}},
volume = {94},
year = {1996}
}
@article{Back1993b,
author = {B{\"{a}}ck, Thomas and Schwefel, Hans-Paul},
doi = {10.1162/evco.1993.1.1.1},
issn = {1063-6560},
journal = {Evol. Comput.},
month = {mar},
number = {1},
pages = {1--23},
title = {{An Overview of Evolutionary Algorithms for Parameter Optimization}},
volume = {1},
year = {1993}
}
@inproceedings{Back1993a,
author = {B{\"{a}}ck, Thomas},
booktitle = {Proceedings of the 5th International Conference on Genetic Algorithms},
pages = {2--8},
title = {{Optimal Mutation Rates in Genetic Search}},
year = {1993}
}
@book{Rechenberg1973,
author = {Rechenberg, I},
publisher = {Frommann-Holzboog},
title = {{Evolutionsstrategie: Optimierung technisher Systeme nach Prinzipien der biologischen Evolution}},
year = {1973}
}
@article{Kruizinga1983,
author = {Kruizinga, S and Murphy, AH},
doi = {10.1175/1520-0493(1983)111<2244:uoaapt>2.0.co;2},
journal = {Mon. Weather Rev.},
number = {11},
pages = {2244--2254},
title = {{Use of an analogue procedure to formulate objective probabilistic temperature forecasts in the Netherlands}},
volume = {111},
year = {1983}
}
@misc{Alliot2005,
author = {Alliot, J M and Durand, N},
editor = {{d'Etudes de la Navigation A{\'{e}}rienne}, Centre},
title = {{Algorithmes g{\'{e}}n{\'{e}}tiques}},
year = {2005}
}
@article{Beasley1993a,
author = {Beasley, David and Martin, RR and Bull, DR},
journal = {U. Comput.},
number = {2},
pages = {58--69},
title = {{An overview of genetic algorithms: Part 1. Fundamentals}},
volume = {15},
year = {1993}
}
@article{Bessa2015,
author = {Bessa, R.J. and Trindade, A. and Silva, C{\'{a}}tia S.P. and Miranda, V.},
doi = {10.1016/j.ijepes.2015.02.006},
issn = {01420615},
journal = {Int. J. Electr. Power {\&} Energy Syst.},
pages = {16--23},
publisher = {Elsevier Ltd},
title = {{Probabilistic solar power forecasting in smart grids using distributed information}},
volume = {72},
year = {2015}
}
@article{Woodcock1980,
author = {Woodcock, F},
doi = {10.1175/1520-0493(1980)108<0292:otuoat>2.0.co;2},
journal = {Mon. Weather Rev.},
number = {3},
pages = {292--297},
title = {{On the use of analogues to improve regression forecasts}},
volume = {108},
year = {1980}
}
@article{Wilson2002,
author = {Wilson, L. and Vall{\'{e}}e, M.},
doi = {10.1175/1520-0434(2002)017<0206:TCUMOS>2.0.CO;2},
journal = {Weather Forecast.},
number = {2},
pages = {206--222},
title = {{The Canadian updateable model output statistics (UMOS) system: Design and development tests}},
volume = {17},
year = {2002}
}
@article{Joines1996a,
author = {Joines, JA and Culbreth, CT and King, RE},
doi = {10.1080/07408179608966253},
journal = {IIE Trans.},
number = {1},
pages = {69--85},
title = {{Manufacturing cell design: an integer programming model employing genetic algorithms}},
volume = {28},
year = {1996}
}
@book{Holland1992a,
author = {Holland, J H},
publisher = {The MIT press},
title = {{Adaptation in Natural and Artificial Systems: An Introductory Analysis with Applications to Biology, Control and Artificial Intelligence}},
year = {1992}
}
@article{Hersbach2000,
author = {Hersbach, H.},
doi = {10.1175/1520-0434(2000)015<0559:dotcrp>2.0.co;2},
journal = {Weather Forecast.},
number = {5},
pages = {559--570},
title = {{Decomposition of the continuous ranked probability score for ensemble prediction systems}},
volume = {15},
year = {2000}
}
@phdthesis{Bliefernicht2010,
author = {Bliefernicht, Jan},
school = {Universit{\"{a}}t Stuttgart},
title = {{Probability forecasts of daily areal precipitation for small river basins}},
year = {2010}
}
@article{Klein1959,
author = {Klein, WH and Lewis, BM and Enger, I},
doi = {10.1175/1520-0469(1959)016<0672:OPOFDM>2.0.CO;2},
journal = {J. Meteor.},
pages = {672--682},
title = {{Objective prediction of five-day mean temperatures during winter}},
volume = {16},
year = {1959}
}
@inproceedings{Back1994a,
author = {B{\"{a}}ck, Thomas},
booktitle = {Proceedings of the First IEEE Conference on Evolutionary Computation. IEEE World Congress on Computational Intelligence},
doi = {10.1109/ICEC.1994.350042},
isbn = {0-7803-1899-4},
pages = {57--62},
publisher = {Ieee},
title = {{Selective pressure in evolutionary algorithms: a characterization of selection mechanisms}},
year = {1994}
}
@article{Panziera2011,
author = {Panziera, L. and Germann, U. and Gabella, M. and Mandapaka, P. V.},
doi = {10.1002/qj.878},
issn = {00359009},
journal = {Q. J. R. Meteorol. Soc.},
number = {661},
pages = {2106--2123},
title = {{NORA-Nowcasting of Orographic Rainfall by means of Analogues}},
volume = {137},
year = {2011}
}
@inproceedings{Back1996b,
author = {B{\"{a}}ck, Thomas and Sch{\"{u}}tz, M},
booktitle = {Foundation of Intelligent Systems, 9th International Symposium},
doi = {10.1007/3-540-61286-6_141},
pages = {158--167},
title = {{Intelligent mutation rate control in canonical genetic algorithms}},
year = {1996}
}
@inproceedings{Syswerda1989,
author = {Syswerda, G},
booktitle = {Proceedings of the 3rd International Conference on Genetic Algorithms},
organization = {Morgan Kaufmann Publishers Inc.},
pages = {2--9},
title = {{Uniform Crossover in Genetic Algorithms}},
year = {1989}
}
@article{Costa2005a,
author = {Costa, Caliane B.B. and Maciel, Maria Regina Wolf and Filho, Rubens Maciel},
doi = {10.1016/j.compchemeng.2005.08.005},
issn = {00981354},
journal = {Comput. Chem. Eng.},
month = {sep},
number = {10},
pages = {2229--2241},
title = {{Factorial design technique applied to genetic algorithm parameters in a batch cooling crystallization optimisation}},
volume = {29},
year = {2005}
}
@article{Reed2003a,
author = {Reed, Patrick and Minsker, Barbara S. and Goldberg, David E.},
doi = {10.1029/2002WR001483},
issn = {00431397},
journal = {Water Resour. Res.},
month = {jul},
number = {7},
pages = {1196},
title = {{Simplifying multiobjective optimization: An automated design methodology for the nondominated sorted genetic algorithm-II}},
volume = {39},
year = {2003}
}
@article{Alessandrini2015,
author = {Alessandrini, Stefano and {Delle Monache}, Luca and Sperati, S. and Nissen, J. N.},
doi = {10.1016/j.renene.2014.11.061},
issn = {18790682},
journal = {Renew. Energy},
pages = {768--781},
publisher = {Elsevier Ltd},
title = {{A novel application of an analog ensemble for short-term wind power forecasting}},
volume = {76},
year = {2015}
}
@article{Beyer1995a,
author = {Beyer, HG},
doi = {10.1162/evco.1995.3.1.81},
journal = {Evol. Comput.},
number = {1},
pages = {81--111},
title = {{Toward a Theory of Evolution Strategies: On the Benefits of Sex — the ($\mu$/$\mu$, $\lambda$) Theory}},
volume = {3},
year = {1995}
}
@inproceedings{Gordon1987,
address = {Vancouver, Canada},
author = {Gordon, N D},
booktitle = {Proceedings of the Symposium on mesoscale analysis and forecasting},
pages = {307--312},
publisher = {ESA SP-282},
title = {{Statistical very short-range forecasting via analogues}},
year = {1987}
}
@article{Junk2015c,
author = {Junk, Constantin and {Delle Monache}, Luca and Alessandrini, Stefano},
doi = {10.1175/MWR-D-15-0095.1},
issn = {0027-0644},
journal = {Mon. Weather Rev.},
number = {7},
pages = {2909--2917},
title = {{Analog-based Ensemble Model Output Statistics}},
volume = {143},
year = {2015}
}
@phdthesis{Bontron2004,
author = {Bontron, Guillaume},
pages = {262 p.},
school = {Institut National Polytechnique de Grenoble},
title = {{Pr{\'{e}}vision quantitative des pr{\'{e}}cipitations: Adaptation probabiliste par recherche d'analogues. Utilisation des R{\'{e}}analyses NCEP/NCAR et application aux pr{\'{e}}cipitations du Sud-Est de la France.}},
year = {2004}
}
@article{Hesser1991,
author = {Hesser, J and M{\"{a}}nner, R},
doi = {10.1007/BFb0029727},
journal = {Parallel Probl. Solving Nat.},
pages = {23--32},
publisher = {Springer},
title = {{Towards an optimal mutation probability for genetic algorithms}},
volume = {496},
year = {1991}
}
@article{Bontron2005,
author = {Bontron, Guillaume and Obled, Charles},
doi = {10.1051/lhb:200501002},
journal = {La Houille Blanche},
pages = {23--28},
title = {{L'adaptation probabiliste des pr{\'{e}}visions m{\'{e}}t{\'{e}}orologiques pour la pr{\'{e}}vision hydrologique}},
volume = {1},
year = {2005}
}
@article{Wright1991a,
author = {Wright, Alden H.},
doi = {citeulike-article-id:1439583},
isbn = {1-55860-170-8},
issn = {10816593},
journal = {Found. Genet. Algorithms},
pages = {205--220},
title = {{Genetic algorithms for real parameter optimization}},
volume = {1},
year = {1990}
}
