@techreport{Lorenz1956,
author = {Lorenz, EN},
institution = {Massachusetts Institute of Technology, Department of Meteorology, Massachusetts Institute of Technology, Dept. of Meteorology},
title = {{Empirical orthogonal functions and statistical weather prediction}},
year = {1956}
}
@article{Radinovic1975,
author = {Radinovic, D},
doi = {10.1175/1520-0493(1975)103<0639:aamfwf>2.0.co;2},
journal = {Mon. Weather Rev.},
number = {7},
pages = {639--649},
title = {{An analogue method for weather forecasting using the 500/1000 mb relative topography}},
volume = {103},
year = {1975}
}
@article{Hamill2006,
author = {Hamill, T and Whitaker, J},
doi = {10.1175/mwr3237.1},
journal = {Mon. Weather Rev.},
number = {11},
pages = {3209--3229},
title = {{Probabilistic quantitative precipitation forecasts based on reforecast analogs: Theory and application}},
volume = {134},
year = {2006}
}
@article{BenDaoud2016,
author = {{Ben Daoud}, Aur{\'{e}}lien and Sauquet, Eric and Bontron, Guillaume and Obled, Charles and Lang, Michel},
doi = {10.1016/j.atmosres.2015.09.015},
issn = {01698095},
journal = {Atmos. Res.},
pages = {147--159},
publisher = {Elsevier B.V.},
title = {{Daily quantitative precipitation forecasts based on the analogue method: improvements and application to a French large river basin}},
volume = {169},
year = {2016}
}
@article{DelleMonache2013,
author = {{Delle Monache}, Luca and Eckel, F. Anthony and Rife, Daran L. and Nagarajan, Badrinath and Searight, Keith},
doi = {10.1175/MWR-D-12-00281.1},
issn = {0027-0644},
journal = {Mon. Weather Rev.},
pages = {3498--3516},
title = {{Probabilistic Weather Prediction with an Analog Ensemble.}},
volume = {141},
year = {2013}
}
@article{Horton2012,
author = {Horton, Pascal and Jaboyedoff, Michel and Metzger, Richard and Obled, Charles and Marty, Renaud},
doi = {10.5194/nhess-12-777-2012},
journal = {Nat. Hazard Earth Sys.},
pages = {777--784},
title = {{Spatial relationship between the atmospheric circulation and the precipitation measured in the western Swiss Alps by means of the analogue method}},
volume = {12},
year = {2012}
}
@article{Vanvyve2015,
author = {Vanvyve, Emilie and {Delle Monache}, Luca and Monaghan, Andrew J. and Pinto, James O.},
doi = {10.1016/j.renene.2014.08.060},
issn = {09601481},
journal = {Renew. Energ.},
pages = {761--773},
publisher = {Elsevier Ltd},
title = {{Wind resource estimates with an analog ensemble approach}},
volume = {74},
year = {2015}
}
@incollection{Drosdowsky2003,
author = {Drosdowsky, W and Zhang, H},
booktitle = {Forecast verification: a practitioner's guide in atmospheric science},
chapter = {6},
editor = {Jolliffe, I T and Stephenson, D B},
pages = {121--136},
publisher = {Wiley},
title = {{Verification of Spatial Fields}},
year = {2003}
}
@article{Junk2015c,
author = {Junk, Constantin and {Delle Monache}, Luca and Alessandrini, Stefano},
doi = {10.1175/MWR-D-15-0095.1},
issn = {0027-0644},
journal = {Mon. Weather Rev.},
number = {7},
pages = {2909--2917},
title = {{Analog-based Ensemble Model Output Statistics}},
volume = {143},
year = {2015}
}
@article{Matheson1976,
author = {Matheson, JE and Winkler, RL},
doi = {10.1287/mnsc.22.10.1087},
journal = {Manage. Sci.},
number = {10},
pages = {1087--1096},
title = {{Scoring rules for continuous probability distributions}},
volume = {22},
year = {1976}
}
@article{Hersbach2000,
author = {Hersbach, H.},
doi = {10.1175/1520-0434(2000)015<0559:dotcrp>2.0.co;2},
journal = {Weather Forecast.},
number = {5},
pages = {559--570},
title = {{Decomposition of the continuous ranked probability score for ensemble prediction systems}},
volume = {15},
year = {2000}
}
@article{Alessandrini2015,
author = {Alessandrini, Stefano and {Delle Monache}, Luca and Sperati, S. and Nissen, J. N.},
doi = {10.1016/j.renene.2014.11.061},
issn = {18790682},
journal = {Renew. Energ.},
pages = {768--781},
publisher = {Elsevier Ltd},
title = {{A novel application of an analog ensemble for short-term wind power forecasting}},
volume = {76},
year = {2015}
}
@article{Kalnay1996,
author = {Kalnay, E and Kanamitsu, M and Kistler, R and Collins, W. and Deaven, D and Gandin, L and Iredell, M and Saha, S and White, G and Woollen, J},
doi = {10.1175/1520-0477(1996)077<0437:tnyrp>2.0.co;2},
journal = {B. Am. Meteorol. Soc.},
number = {3},
pages = {437--471},
title = {{The NCEP/NCAR 40-year reanalysis project}},
volume = {77},
year = {1996}
}
@phdthesis{Horton2012a,
author = {Horton, Pascal},
pages = {320 p.},
school = {Universit{\'{e}} de Lausanne},
title = {{Am{\'{e}}liorations et optimisation globale de la m{\'{e}}thode des analogues pour la pr{\'{e}}vision statistique des pr{\'{e}}cipitations. D{\'{e}}veloppement d'un outil de pr{\'{e}}vision et application op{\'{e}}rationnelle au bassin du Rh{\^{o}}ne {\`{a}} l'amont du L{\'{e}}man}},
type = {Th{\`{e}}se de doctorat},
url = {https://tel.archives-ouvertes.fr/tel-01441762},
year = {2012}
}
@inproceedings{Desaint2008a,
author = {Desaint, Beno{\^{i}}t and Nogues, Philippe and Perret, Christian and Gar{\c{c}}on, R{\'{e}}my},
booktitle = {Colloque SHF-191e CST - «Pr{\'{e}}visions hydrom{\'{e}}t{\'{e}}orologiques», Lyon, 18-19 novembre 2008},
doi = {10.1051/lhb/2009054},
issn = {00186368},
pages = {8 p.},
title = {{La pr{\'{e}}vision hydrom{\'{e}}t{\'{e}}orologique op{\'{e}}rationnelle: l'exp{\'{e}}rience d'Electricit{\'{e}} de France}},
year = {2008}
}
@phdthesis{Bliefernicht2010,
author = {Bliefernicht, Jan},
school = {Universit{\"{a}}t Stuttgart},
title = {{Probability forecasts of daily areal precipitation for small river basins}},
year = {2010}
}
@article{BenDaoud2009,
author = {{Ben Daoud}, Aur{\'{e}}lien and Sauquet, Eric and Lang, Michel and Obled, Charles and Bontron, Guillaume},
doi = {10.1051/lhb/2009079},
issn = {0018-6368},
journal = {La Houille Blanche},
month = {jan},
number = {6},
pages = {60--65},
title = {{La pr{\'{e}}vision des pr{\'{e}}cipitations par recherche d'analogues : {\'{e}}tat de l'art et perspectives}},
year = {2009}
}
@article{Zorita1999,
author = {Zorita, E. and Storch, H Von},
doi = {10.1175/1520-0442(1999)012<2474:TAMAAS>2.0.CO;2},
journal = {J. Climate},
number = {8},
pages = {2474--2489},
title = {{The analog method as a simple statistical downscaling technique: comparison with more complicated methods}},
volume = {12},
year = {1999}
}
@article{Caillouet2016,
author = {Caillouet, Laurie and Vidal, Jean-Philippe and Sauquet, Eric and Graff, Benjamin},
doi = {10.5194/cp-12-635-2016},
journal = {Clim. Past},
number = {3},
pages = {635--662},
title = {{Probabilistic precipitation and temperature downscaling of the Twentieth Century Reanalysis over France}},
volume = {12},
year = {2016}
}
@article{Maraun2010,
author = {Maraun, D and Wetterhall, Fredrik and Chandler, R E and Kendon, E J and Widmann, M and Brienen, S and Rust, H W and Sauter, T and Theme{\ss}l, M and Venema, V K C and Chun, K P and Goodess, C M and Jones, R G and Onof, C and Vrac, M and Thiele-Eich, I},
doi = {10.1029/2009RG000314},
journal = {Rev. Geophys.},
number = {RG3003},
pages = {1--34},
title = {{Precipitation downscaling under climate change: Recent developements to bridge the gap between dynamical models and the end user}},
volume = {48},
year = {2010}
}
@phdthesis{Marty2010,
author = {Marty, Renaud},
school = {Universit{\'{e}} de Grenoble},
title = {{Pr{\'{e}}vision hydrologique d'ensemble adapt{\'{e}}e aux bassins {\`{a}} crue rapide. Elaboration de pr{\'{e}}visions probabilistes de pr{\'{e}}cipitations {\`{a}} 12 et 24 h. D{\'{e}}sagr{\'{e}}gation horaire conditionnelle pour la mod{\'{e}}lisation hydrologique. Application {\`{a}} des bassins de la r{\'{e}}gion C{\'{e}}v}},
year = {2010}
}
@article{Ruosteenoja1988,
author = {Ruosteenoja, K},
journal = {Mon. Weather Rev.},
pages = {368--376},
title = {{Factors affecting the occurrence and lifetime of 500 mb height analogues: a study based on a large amount of data}},
volume = {116},
year = {1988}
}
@article{Dayon2015,
author = {Dayon, G. and Bo{\'{e}}, J. and Martin, E.},
doi = {10.1002/2014JD022236},
issn = {2169897X},
journal = {J. Geophys. Res.-Atmos.},
month = {feb},
number = {3},
pages = {1023--1043},
title = {{Transferability in the future climate of a statistical downscaling method for precipitation in France}},
volume = {120},
year = {2015}
}
@article{Kruizinga1983,
author = {Kruizinga, S and Murphy, AH},
doi = {10.1175/1520-0493(1983)111<2244:uoaapt>2.0.co;2},
journal = {Mon. Weather Rev.},
number = {11},
pages = {2244--2254},
title = {{Use of an analogue procedure to formulate objective probabilistic temperature forecasts in the Netherlands}},
volume = {111},
year = {1983}
}
@phdthesis{Guilbaud1997,
author = {Guilbaud, Sophie},
pages = {386 p.},
school = {Institut National Polytechnique de Grenoble},
title = {{Pr{\'{e}}vision quantitative des pr{\'{e}}cipitations journali{\`{e}}res par une m{\'{e}}thode statistico-dynamique des recherche d'analogues - Application {\`{a}} des bassins du pourtour m{\'{e}}diterran{\'{e}}en}},
year = {1997}
}
@techreport{Brown1974,
author = {Brown, TA},
pages = {P--5235},
title = {{Admissible Scoring Systems for Continuous Distributions.}},
url = {http://eric.ed.gov/?id=ED135799},
year = {1974}
}
@article{Hamill2006a,
author = {Hamill, Thomas M. and Whitaker, Jeffrey S. and Mullen, Steven L.},
doi = {10.1175/BAMS-87-1-33},
issn = {0003-0007},
journal = {B. Am. Meteorol. Soc.},
month = {jan},
number = {1},
pages = {33--46},
title = {{Reforecasts: An Important Dataset for Improving Weather Predictions}},
volume = {87},
year = {2006}
}
@article{Horton2017,
author = {Horton, Pascal and Jaboyedoff, Michel and Obled, Charles},
doi = {10.1175/MWR-D-16-0093.1},
journal = {Mon. Weather Rev.},
number = {4},
pages = {1275--1294},
title = {{Global Optimization of an Analog Method by Means of Genetic Algorithms}},
volume = {145},
year = {2017}
}
@article{Obled2014,
author = {Obled, Charles},
doi = {10.1051/lhb/2014017},
issn = {0018-6368},
journal = {La Houille Blanche},
month = {may},
number = {2},
pages = {55--68},
title = {{Daniel Duband - cinquante ans de contributions scientifiques {\`{a}} l'hydrologie (1962-2011)}},
year = {2014}
}
@techreport{Finet2008,
author = {Finet, T and Marty, Renaud and Zin, Isabella and Obled, Charles},
institution = {LTHE {\&} CNRS, Grenoble, France},
title = {{Developing and transferring the ANALOG approach for PQPF's from French OHMCV catchments to quick responding catchments in Venetia and Romania.}},
year = {2008}
}
@article{Lorenz1969,
author = {Lorenz, EN},
doi = {10.1175/1520-0469(1969)26<636:aparbn>2.0.co;2},
journal = {J. Atmos. Sci.},
pages = {636--646},
title = {{Atmospheric predictability as revealed by naturally occurring analogues}},
volume = {26},
year = {1969}
}
@article{Junk2015,
author = {Junk, Constantin and {Delle Monache}, Luca and Alessandrini, Stefano and Cervone, Guido and von Bremen, Lueder},
doi = {10.1127/metz/2015/0659},
issn = {0941-2948},
journal = {Meteorol. Z.},
number = {4},
pages = {361--379},
title = {{Predictor-weighting strategies for probabilistic wind power forecasting with an analog ensemble}},
volume = {24},
year = {2015}
}
@phdthesis{Bontron2004,
author = {Bontron, Guillaume},
pages = {262 p.},
school = {Institut National Polytechnique de Grenoble},
title = {{Pr{\'{e}}vision quantitative des pr{\'{e}}cipitations: Adaptation probabiliste par recherche d'analogues. Utilisation des R{\'{e}}analyses NCEP/NCAR et application aux pr{\'{e}}cipitations du Sud-Est de la France.}},
year = {2004}
}
@article{Teweles1954,
author = {Teweles, S and Wobus, H B},
journal = {B. Am. Meteorol. Soc.},
pages = {455--463},
title = {{Verification of prognostic charts}},
volume = {35},
year = {1954}
}
@article{Bontron2005,
author = {Bontron, Guillaume and Obled, Charles},
doi = {10.1051/lhb:200501002},
journal = {La Houille Blanche},
pages = {23--28},
title = {{L'adaptation probabiliste des pr{\'{e}}visions m{\'{e}}t{\'{e}}orologiques pour la pr{\'{e}}vision hydrologique}},
volume = {1},
year = {2005}
}
@article{Woodcock1980,
author = {Woodcock, F},
doi = {10.1175/1520-0493(1980)108<0292:otuoat>2.0.co;2},
journal = {Mon. Weather Rev.},
number = {3},
pages = {292--297},
title = {{On the use of analogues to improve regression forecasts}},
volume = {108},
year = {1980}
}
@article{Alessandrini2015a,
author = {Alessandrini, Stefano and {Delle Monache}, Luca and Sperati, S. and Cervone, G.},
doi = {10.1016/j.apenergy.2015.08.011},
issn = {03062619},
journal = {Appl. Energ.},
pages = {95--110},
publisher = {Elsevier Ltd},
title = {{An analog ensemble for short-term probabilistic solar power forecast}},
volume = {157},
year = {2015}
}
@article{Gordon1987,
author = {Gordon, N D},
journal = {European Space Agency Special Publication},
pages = {307--312},
title = {{Statistical very short-range forecasting via analogues.}},
year = {1987}
}
@article{Marty2012,
author = {Marty, Renaud and Zin, Isabella and Obled, Charles and Bontron, Guillaume and Djerboua, Abdelatif},
doi = {10.1175/JAMC-D-11-011.1},
isbn = {1558-8424},
issn = {15588424},
journal = {J. Appl. Meteorol. Clim.},
month = {mar},
number = {3},
pages = {505--520},
title = {{Toward real-time daily PQPF by an analog sorting approach: Application to flash-flood catchments}},
volume = {51},
year = {2012}
}
@article{Radanovics2013,
author = {Radanovics, Sabine and Vidal, J.-P. and Sauquet, Eric and {Ben Daoud}, Aur{\'{e}}lien and Bontron, Guillaume},
doi = {10.5194/hess-17-4189-2013},
issn = {1607-7938},
journal = {Hydrol. Earth Syst. Sc.},
number = {10},
pages = {4189--4208},
title = {{Optimising predictor domains for spatially coherent precipitation downscaling}},
volume = {17},
year = {2013}
}
@article{DelleMonache2011,
author = {{Delle Monache}, Luca and Nipen, Thomas and Liu, Yubao and Roux, Gregory and Stull, Roland},
doi = {10.1175/2011MWR3653.1},
isbn = {8610829952},
issn = {0027-0644},
journal = {Mon. Weather Rev.},
number = {11},
pages = {3554--3570},
title = {{Kalman Filter and Analog Schemes to Postprocess Numerical Weather Predictions}},
volume = {139},
year = {2011}
}
@article{Obled2002,
author = {Obled, Charles and Bontron, Guillaume and Gar{\c{c}}on, R{\'{e}}my},
doi = {10.1016/S0169-8095(02)00038-8},
issn = {01698095},
journal = {Atmos. Res.},
month = {aug},
number = {3-4},
pages = {303--324},
title = {{Quantitative precipitation forecasts: a statistical adaptation of model outputs through an analogues sorting approach}},
volume = {63},
year = {2002}
}
@article{Chardon2014,
author = {Chardon, Jeremy and Hingray, Beno{\^{i}}t and Favre, Anne-Catherine and Autin, Philemon and Gailhard, Jo{\"{e}}l and Zin, Isabella and Obled, Charles},
doi = {10.1175/JCLI-D-13-00464.1},
issn = {0894-8755},
journal = {J. Climate},
month = {jul},
number = {13},
pages = {5056--5074},
title = {{Spatial Similarity and Transferability of Analog Dates for Precipitation Downscaling over France}},
volume = {27},
year = {2014}
}
@phdthesis{Duband1970,
author = {Duband, Daniel},
school = {Th{\`{e}}se de 3{\`{e}}me cycle de la facult{\'{e}} des sciences de Paris.},
title = {{Reconnaissance dynamique de la forme des situations m{\'{e}}t{\'{e}}orologiques. Application {\`{a}} la pr{\'{e}}vision quantitative des pr{\'{e}}cipitations.}},
year = {1970}
}
@inproceedings{BenDaoud2008,
author = {{Ben Daoud}, Aur{\'{e}}lien and Sauquet, Eric and Lang, Michel and Obled, Charles and Bontron, Guillaume},
booktitle = {Colloque SHF-191e CST - «Pr{\'{e}}visions hydrom{\'{e}}t{\'{e}}orologiques», Lyon, 18-19 novembre 2008},
number = {6},
title = {{La pr{\'{e}}vision des pr{\'{e}}cipitations par recherche d'analogues: {\'{e}}tat de l'art et perspectives}},
year = {2008}
}
@article{Vandendool1994,
author = {{Van Den Dool}, H M},
journal = {Tellus},
number = {3},
pages = {314--324},
title = {{Searching for analogues, how long must we wait?}},
volume = {46A},
year = {1994}
}
@article{Bessa2015,
author = {Bessa, R.J. and Trindade, A. and Silva, C{\'{a}}tia S.P. and Miranda, V.},
doi = {10.1016/j.ijepes.2015.02.006},
issn = {01420615},
journal = {Int. J. Elec. Power},
pages = {16--23},
publisher = {Elsevier Ltd},
title = {{Probabilistic solar power forecasting in smart grids using distributed information}},
volume = {72},
year = {2015}
}
@article{GarciaHernandez2009b,
author = {{Garc{\'{i}}a Hern{\'{a}}ndez}, J and Horton, Pascal and Tobin, Cara and Boillat, JL},
journal = {Wasser Energie Luft – Eau Energie Air},
pages = {297--302},
title = {{MINERVE 2010: Pr{\'{e}}vision hydrom{\'{e}}t{\'{e}}orologique et gestion des crues sur le Rh{\^{o}}ne alpin.}},
volume = {4},
year = {2009}
}
@article{Hamill2015,
author = {Hamill, Thomas M and Scheuerer, Michael and Bates, Gary T},
doi = {10.1175/MWR-D-15-0004.1},
journal = {Mon. Weather Rev.},
number = {8},
pages = {3300--3309},
title = {{Analog Probabilistic Precipitation Forecasts Using GEFS Reforecasts and Climatology-Calibrated Precipitation Analyses}},
volume = {143},
year = {2015}
}
@article{Raynaud2016b,
author = {Raynaud, Damien and Hingray, Benoit and Zin, Isabella and Anquetin, Sandrine and Debionne, Samuel and Vautard, Robert},
doi = {10.1002/joc.4844},
issn = {08998418},
journal = {Int. J. Climatol.},
title = {{Atmospheric analogues for physically consistent scenarios of surface weather in Europe and Maghreb}},
year = {2016}
}
@article{Poli2016,
author = {Poli, Paul and Hersbach, Hans and Dee, Dick P. and Berrisford, Paul and Simmons, Adrian J. and Vitart, Fr{\'{e}}d{\'{e}}ric and Laloyaux, Patrick and Tan, David G H and Peubey, Carole and Th{\'{e}}paut, Jean No{\"{e}}l and Tr{\'{e}}molet, Yannick and H{\'{o}}lm, El{\'{i}}as V. and Bonavita, Massimo and Isaksen, Lars and Fisher, Michael},
doi = {10.1175/JCLI-D-15-0556.1},
issn = {08948755},
journal = {J. Climate},
number = {11},
pages = {4083--4097},
title = {{ERA-20C: An atmospheric reanalysis of the twentieth century}},
volume = {29},
year = {2016}
}
@phdthesis{BenDaoud2010,
	author = {{Ben Daoud}, Aur{\'{e}}lien},
	school = {Universit{\'{e}} de Grenoble},
	title = {{Am{\'{e}}liorations et d{\'{e}}veloppements d'une m{\'{e}}thode de pr{\'{e}}vision probabiliste des pluies par analogie.}},
	year = {2010}
}
@article{Rienecker2011,
	author = {Rienecker, Michele M. and Suarez, Max J. and Gelaro, Ronald and Todling, Ricardo and Bacmeister, Julio and Liu, Emily and Bosilovich, Michael G. and Schubert, Siegfried D. and Takacs, Lawrence and Kim, Gi Kong and Bloom, Stephen and Chen, Junye and Collins, Douglas and Conaty, Austin and {Da Silva}, Arlindo and Gu, Wei and Joiner, Joanna and Koster, Randal D. and Lucchesi, Robert and Molod, Andrea and Owens, Tommy and Pawson, Steven and Pegion, Philip and Redder, Christopher R. and Reichle, Rolf and Robertson, Franklin R. and Ruddick, Albert G. and Sienkiewicz, Meta and Woollen, Jack},
	doi = {10.1175/JCLI-D-11-00015.1},
	isbn = {0894-8755},
	issn = {08948755},
	journal = {J. Clim.},
	number = {14},
	pages = {3624--3648},
	title = {{MERRA: NASA's modern-era retrospective analysis for research and applications}},
	volume = {24},
	year = {2011}
}
@article{Chardon2017,
	author = {Chardon, J{\'{e}}r{\'{e}}my and Hingray, Benoit and Favre, Anne-Catherine},
	doi = {10.5194/hess-2017-62},
	issn = {1812-2116},
	journal = {Hydrol. Earth Syst. Sci. Discuss.},
	number = {February},
	pages = {1--29},
	title = {{An adaptive two-stage analog/regression model for probabilistic prediction of local precipitation in France}},
	url = {http://www.hydrol-earth-syst-sci-discuss.net/hess-2017-62/},
	year = {2017}
}
