%
% JOURNAL ABBREVIATIONS
%
@STRING{AMS 	= "Amer.\ Meteor.\ Soc."}
@STRING{AGU 	= "Amer.\ Geophys.\ Union"}
@STRING{AIP 	= "Amer. Inst. Phys."}
@STRING{ADGEO     = "Adv.\ Geosci."}
@STRING{AFM       = "Agric.\ For.\ Meteor."}
@STRING{AM        = "Ann.\ Meteor."}
@STRING{AN        = "Astrophys.\ Norv."}		% Astrophysica Norvegica
@STRING{AO        = "Atmos.--Ocean"}			% Atmosphere--Ocean, published by Canadian Meteorological Society (CMOS)
@STRING{AR        = "Atmos.\ Res."}			% Atmospheric Research
@STRING{ARFM      = "Annu.\ Rev.\ Fluid Mech."}
@STRING{AUMET     = "Aust.\ Meteor.\ Mag."}
@STRING{BAMS      = "Bull.\ Amer.\ Meteor.\ Soc."}
@STRING{CAP       = "Contrib.\ Atmos.\ Phys."}
@STRING{CC        = "Climate Change"}      % Climate Change 
@STRING{CCH       = "Climatic Change"}			% Climatic Change
@STRING{CDYN      = "Climate Dyn."}
@STRING{CHAOS     = "Chaos"}
@STRING{COL       = "Collier's"}
@STRING{CRS       = "Cont.\ Shelf Res."}
@STRING{DAO       = "Dyn.\ Atmos.\ Oceans"}
@STRING{ECO       = "Ecology"}
@STRING{EI        = "Earth Interact."}
@STRING{GA        = "Geophysica"}			% Geophysica, published by Geophysical Society of Finland 
@STRING{GEOMAG    = "Geophys.\ Mag."}
@STRING{GN        = "Geophys.\ Norv."}			% Geophysica Norvegica
@STRING{GRL       = "Geophys.\ Res.\ Lett."}
@STRING{GEOINT    = "Geofis.\ Int."}			% Geofisica Internacional (Mexican journal -- vols. 3--5 contained proceedings from a hurricane conference
@STRING{GEOPUB    = "Geofys.\ Publ."}
@STRING{GPC       = "Global Planet.\ Change"}
@STRING{HP        = "Health Phys."}
@STRING{IAOP      = "Izv.\ Atmos.\ Ocean.\ Phys.\ (Engl.\ Transl.)"}
@STRING{IJC       = "Int.\ J.\ Climatol."}
@STRING{JAM       = "J.\ Appl.\ Meteor."}		% renamed to name below in 2006
@STRING{JAMC      = "J.\ Appl.\ Meteor.\ Climatol."}  	% Journal of Applied Meteorology and Climatology (this journal used to be called the Journal of Applied Meteorology before 2006)
@STRING{JAS       = "J.\ Atmos.\ Sci."}
@STRING{JAOT      = "J.\ Atmos.\ Oceanic Technol."}
@STRING{JCAM      = "J.\ Climate Appl.\ Meteor."}	% from 1983--87, now JAMC
@STRING{JCLI      = "J.\ Climate"}
@STRING{JCR       = "J.\ Coastal Res."}
@STRING{JFM       = "J.\ Fluid\ Mech."}
@STRING{JEM       = "J.\ Eng.\ Math."}			% Journal of Engineering Mathematics
@STRING{JGR       = "J.\ Geophys.\ Res."}
@STRING{JHM       = "J.\ Hydrometeor."}
@STRING{JMS       = "J.\ Mar.\ Syst."}
@STRING{JM        = "J.\ Meteor."}
@STRING{JMR       = "J.\ Mar.\ Res."}
@STRING{JMSJ      = "J.\ Meteor.\ Soc.\ Japan"}
@STRING{JPO       = "J.\ Phys.\ Oceanogr."}
@STRING{JOCEAN    = "J.\ Oceanogr."}			% Journal of Oceanography
@STRING{JOSJ      = "J.\ Oceanogr.\ Soc.\ Japan"}
@STRING{JSE       = "J.\ Struct.\ Eng."}	% Journal of Structural Engineering at ASCE
@STRING{JTM       = "J.\ Tropical Meteor."}
@STRING{JWEIA     = "J.\ Wind Eng.\ Ind.\ Aerodyn."}
@STRING{MA        = "Meteor.\ Appl."}
@STRING{MAP       = "Meteor.\ Atmos.\ Phys."}
@STRING{METMON    = "Meteor.\ Monogr."}
@STRING{METZEIT   = "Meteor.\ Z."}
@STRING{MWL       = "Mar.\ Wea.\ Log"}
@STRING{MWR       = "Mon.\ Wea.\ Rev."}
@STRING{NAT       = "Nature"}
@STRING{NHR       = "Nat.\ Hazards Rev."}
@STRING{NWD       = "Natl.\ Weather Dig."}
@STRING{OA        = "Oceanol. Aeta"}
@STRING{OCEAN     = "Oceanography"}                	% a quarterly journal of The Oceanography Society
@STRING{PAG       = "Pure Appl.\ Geophys."}
@STRING{PF        = "Phys.\ Fluids"}
@STRING{PHYSD     = "Physica D"}
@STRING{PMG       = "Pap.\ Meteor.\ Geophys."}	% Papers in Meteorology and Geophysics
@STRING{PNAS      = "Proc.\ Natl.\ Acad.\ Sci.\ (USA)"}
@STRING{PRE       = "Phys.\ Rev.\ E"}
@STRING{PRSA      = "Proc.\ Roy.\ Soc."}
@STRING{PT        = "Phys.\ Today"}
@STRING{PTRS      = "Philos.\ Trans.\ Roy.\ Soc.\ London"}
@STRING{QJRMS     = "Quart.\ J.\ Roy.\ Meteor.\ Soc."}
@STRING{RGEO      = "Rev. Geophys."}
@STRING{SCI       = "Science"}
@STRING{SOLA      = "SOLA"}				% Scientific Online Letters on the Atmosphere
@STRING{TAGU      = "Eos, Trans.\ Amer.\ Geophys.\ Union"}
@STRING{TELLUS    = "Tellus"}
@STRING{TCFD      = "Theor.\ Comput.\ Fluid Dyn."}
@STRING{WEA       = "Weather"}
@STRING{WW        = "Weatherwise"}
@STRING{WF        = "Wea.\ Forecasting"}
@STRING{WMOB      = "WMO Bull."}

% SAMPLE REFERENCES. Remove these and insert your own reference database.

@book{Michalewicz1996,
author = {Michalewicz, Z},
edition = {3rd editio},
publisher = {Springer-Verlag},
title = {{Genetic Algorithms + Data Structures = Evolution Programs}},
year = {1996}
}
@article{Beasley1993a,
author = {Beasley, David and Martin, RR and Bull, DR},
journal = {University computing},
number = {2},
pages = {58--69},
title = {{An overview of genetic algorithms: Part 1. Fundamentals}},
volume = {15},
year = {1993}
}
@article{Livezey1988,
author = {Livezey, R E and Barnston, A G},
journal = {Journal of Geophysical Research},
keywords = {2 read priority 1},
number = {D9},
pages = {10953--10974},
publisher = {American Geophysical Union},
title = {{An operational multifield analog/antianalog prediction system for United States seasonal temperatures. 1. system design and winter experiments}},
volume = {93},
year = {1988}
}
@article{Back1992b,
author = {B{\"{a}}ck, Thomas},
journal = {Parallel Problem Solving from Nature},
pages = {85--94},
title = {{The Interaction of Mutation Rate, Selection, and Self-Adaptation Within a Genetic Algorithm.}},
volume = {2},
year = {1992}
}
@techreport{Brown1974,
author = {Brown, TA},
file = {:C$\backslash$:/Users/pasca/Google Drive/Biblio/Mendeley/Brown - 1974 - Admissible Scoring Systems for Continuous Distributions.pdf:pdf},
pages = {P--5235},
title = {{Admissible Scoring Systems for Continuous Distributions.}},
year = {1974}
}
@article{BenDaoud2016,
author = {{Ben Daoud}, Aur{\'{e}}lien and Sauquet, Eric and Bontron, Guillaume and Obled, Charles and Lang, Michel},
doi = {10.1016/j.atmosres.2015.09.015},
issn = {01698095},
journal = {Atmospheric Research},
keywords = {2 read priority 1,Analogues,ERA-40 reanalyses,Probabilistic quantitative precipitation forecasti,Sa{\^{o}}ne river basin,Statistical adaptation,probabilistic quantitative precipitation},
pages = {147--159},
publisher = {Elsevier B.V.},
title = {{Daily quantitative precipitation forecasts based on the analogue method: improvements and application to a French large river basin}},
volume = {169},
year = {2016}
}
@inproceedings{Radcliffe1991a,
author = {Radcliffe, NJ},
booktitle = {Proceedings of the Fourth International Conference on Genetic Algorithms},
pages = {222--229},
year = {1991}
}
@phdthesis{Bliefernicht2010,
author = {Bliefernicht, J},
school = {Universit{\"{a}}t Stuttgart},
title = {{Probability forecasts of daily areal precipitation for small river basins}},
year = {2010}
}
@inproceedings{Back1996a,
author = {B{\"{a}}ck, Thomas},
booktitle = {Artificial Evolution},
pages = {3--20},
title = {{Evolution strategies: An alternative evolutionary algorithm}},
year = {1996}
}
@article{Smith1997a,
author = {Smith, JE and Fogarty, TC},
isbn = {0050000500},
journal = {Soft Computing - A Fusion of Foundations, Methodologies and Applications},
number = {2},
pages = {81--87},
title = {{Operator and parameter adaptation in genetic algorithms}},
volume = {1},
year = {1997}
}
@article{Zitzler2004a,
author = {Zitzler, Eckart and Laumanns, Marco and Bleuler, Stefan},
journal = {Metaheuristics for Multiobjective Optimisation},
pages = {3--37},
title = {{A tutorial on evolutionary multiobjective optimization}},
year = {2004}
}
@book{Rechenberg1973,
author = {Rechenberg, I},
publisher = {Frommann-Holzboog},
title = {{Evolutionsstrategie: Optimierung technisher Systeme nach Prinzipien der biologischen Evolution}},
year = {1973}
}
@article{Wright1991a,
author = {Wright, Alden H.},
doi = {10.1016/B978-0-08-050684-5.50016-1},
isbn = {9780080506845},
issn = {10816593},
journal = {Foundations of genetic algorithms},
keywords = {evolution,foundations of genetic algorithms,genetic algorithm,morgan kaufman,optimization,rawlins},
pages = {205--218},
title = {{Genetic Algorithms for Real Parameter Optimization}},
volume = {1},
year = {1991}
}
@article{Mariano2010a,
author = {Mariano, AP and Costa, CBB and de Angelis, D and {Pires Atala}, D and {Maugeri Filho}, F and {Wolf Maciel}, M and {Maciel Filho}, R},
journal = {International Journal of Chemical Reactor Engineering},
number = {8},
title = {{Genetic Algorithms (Binary and Real Codes) for the Optimisation of a Fermentation Process for Butanol Production}},
volume = {8},
year = {2010}
}
@book{Schwefel1993,
address = {New York, NY, USA},
author = {Schwefel, Hans-Paul Paul},
isbn = {0471571482},
publisher = {John Wiley {\&} Sons, Inc.},
title = {{Evolution and Optimum Seeking}},
year = {1993}
}
@book{Schwefel1981,
author = {Schwefel, H P},
publisher = {John Wiley {\&} Sons, Inc.},
title = {{Numerical optimization of computer models}},
year = {1981}
}
@article{Bontron2005,
author = {Bontron, Guillaume and Obled, Charles},
journal = {La Houille Blanche},
volume = {1},
pages = {23--28},
title = {{L'adaptation probabiliste des pr{\'{e}}visions m{\'{e}}t{\'{e}}orologiques pour la pr{\'{e}}vision hydrologique}},
year = {2005}
}
@article{Beasley1996a,
author = {Beasley, J.E and Chu, P.C},
doi = {10.1016/0377-2217(95)00159-X},
issn = {03772217},
journal = {European Journal of Operational Research},
keywords = {combinatorial optimisation,genetic algorithms,set covering},
month = {oct},
number = {2},
pages = {392--404},
title = {{A genetic algorithm for the set covering problem}},
volume = {94},
year = {1996}
}
@inproceedings{Syswerda1989,
author = {Syswerda, G},
booktitle = {Proceedings of the 3rd International Conference on Genetic Algorithms},
organization = {Morgan Kaufmann Publishers Inc.},
pages = {2--9},
title = {{Uniform Crossover in Genetic Algorithms}},
year = {1989}
}
@article{Horton2012,
author = {Horton, Pascal and Jaboyedoff, Michel and Metzger, Richard and Obled, Charles and Marty, Renaud},
doi = {10.5194/nhess-12-777-2012},
journal = {Natural Hazards and Earth System Sciences},
pages = {777--784},
title = {{Spatial relationship between the atmospheric circulation and the precipitation measured in the western Swiss Alps by means of the analogue method}},
volume = {12},
year = {2012}
}
@article{Gaffney2010a,
author = {Gaffney, J and Pearce, C and Green, D},
journal = {ANZIAM Journal},
pages = {347--359},
title = {{Binary versus real coding for genetic algorithms: A false dichotomy?}},
volume = {51},
year = {2010}
}
@misc{Alliot2005,
author = {Alliot, J M and Durand, N},
editor = {{d’Etudes de la Navigation A{\'{e}}rienne}, Centre},
title = {{Algorithmes g{\'{e}}n{\'{e}}tiques}},
year = {2005}
}
@article{Bergen1982,
author = {Bergen, RE and Harnack, RP},
journal = {Monthly Weather Review},
pages = {1083--1099},
title = {{Long-range temperature prediction using a simple analog approach}},
volume = {110},
year = {1982}
}
@phdthesis{DeJong1975a,
author = {{De Jong}, K A},
publisher = {University of Michigan},
school = {University of Michigan},
title = {{Analysis of the behavior of a class of genetic adaptive systems}},
year = {1975}
}
@article{Joines1996a,
author = {Joines, JA and Culbreth, CT and King, RE},
journal = {IIE transactions},
number = {1},
pages = {69--85},
title = {{Manufacturing cell design: an integer programming model employing genetic algorithms}},
volume = {28},
year = {1996}
}
@article{Kruizinga1983,
author = {Kruizinga, S and Murphy, AH},
journal = {Monthly Weather Review},
number = {11},
pages = {2244--2254},
title = {{Use of an analogue procedure to formulate objective probabilistic temperature forecasts in the Netherlands}},
volume = {111},
year = {1983}
}
@article{Marty2012,
author = {Marty, Renaud and Zin, Isabella and Obled, Charles and Bontron, Guillaume and Djerboua, Abdelatif},
doi = {10.1175/JAMC-D-11-011.1},
issn = {1558-8424},
journal = {Journal of Applied Meteorology and Climatology},
keywords = {2 read priority 1},
month = {mar},
number = {3},
pages = {505--520},
title = {{Toward Real-Time Daily PQPF by an Analog Sorting Approach: Application to Flash-Flood Catchments}},
volume = {51},
year = {2012}
}
@article{Barnett1978,
author = {Barnett, TP and Preisendorfer, RW},
journal = {Journal of the Atmospheric Sciences},
pages = {1771--1787},
title = {{Multifield analog prediction of short-term climate fluctuations using a climate state vector}},
volume = {35},
year = {1978}
}
@article{Gordon1987,
author = {Gordon, N D},
journal = {European Space Agency Special Publication},
pages = {307--312},
title = {{Statistical very short-range forecasting via analogues.}},
year = {1987}
}
@phdthesis{Bontron2004,
author = {Bontron, G},
pages = {262 p.},
school = {Institut National Polytechnique de Grenoble},
title = {{Pr{\'{e}}vision quantitative des pr{\'{e}}cipitations: Adaptation probabiliste par recherche d'analogues. Utilisation des R{\'{e}}analyses NCEP/NCAR et application aux pr{\'{e}}cipitations du Sud-Est de la France.}},
year = {2004}
}
@article{Back1993b,
author = {B{\"{a}}ck, Thomas and Schwefel, Hans-Paul},
doi = {10.1162/evco.1993.1.1.1},
issn = {1063-6560},
journal = {Evolutionary Computation},
month = {mar},
number = {1},
pages = {1--23},
title = {{An Overview of Evolutionary Algorithms for Parameter Optimization}},
volume = {1},
year = {1993}
}
@article{Woodcock1980,
author = {Woodcock, F},
journal = {Monthly Weather Review},
number = {3},
pages = {292--297},
title = {{On the use of analogues to improve regression forecasts}},
volume = {108},
year = {1980}
}
@article{Radanovics2013,
author = {Radanovics, S. and Vidal, J.-P. and Sauquet, E. and {Ben Daoud}, A. and Bontron, G.},
doi = {10.5194/hess-17-4189-2013},
issn = {1607-7938},
journal = {Hydrology and Earth System Sciences},
keywords = {2 read priority 1},
number = {10},
pages = {4189--4208},
title = {{Optimising predictor domains for spatially coherent precipitation downscaling}},
volume = {17},
year = {2013}
}
@techreport{Keenan1981,
author = {Keenan, T D and Woodcock, F},
institution = {Bureau of Meteorology},
keywords = {2 read priority 2},
title = {{Objective Tropical Cyclone Movement Forecasts Using Synoptic and Track Analogue Information}},
year = {1981}
}
@inproceedings{Back1993a,
author = {B{\"{a}}ck, Thomas},
booktitle = {Proceedings of the 5th International Conference on Genetic Algorithms},
pages = {2--8},
title = {{Optimal Mutation Rates in Genetic Search}},
year = {1993}
}
@article{Murray1974,
author = {Murray, R},
journal = {The Meteorological magazine},
pages = {70},
publisher = {HMSO},
title = {{Indicators of monthly mean temperature and rainfall for England and Wales based on antecedent monthly pressure anomalies over the Northern hemisphere}},
volume = {103},
year = {1974}
}
@article{Holland1992b,
author = {Holland, J.},
journal = {Scientific American},
number = {1},
pages = {66--72},
title = {{Genetic algorithms}},
volume = {267},
year = {1992}
}
@article{Herrera1998a,
author = {Herrera, F and Lozano, M and Verdegay, JL},
journal = {Artificial Intelligence Review},
keywords = {abbreviations,bcga,binary-coded genetic algorithm,continuous search spaces,gas,genetic algorithms,rcga,real coding,real-coded genetic algorithm},
number = {4},
pages = {265--319},
title = {{Tackling real-coded genetic algorithms: Operators and tools for behavioural analysis}},
volume = {12},
year = {1998}
}
@article{Sievers2000,
author = {Sievers, Oliver and Fraedrich, Klaus and Raible, Christoph C.},
doi = {10.1175/1520-0434(2000)015<0623:SAAEPO>2.0.CO;2},
issn = {0882-8156},
journal = {Weather and Forecasting},
month = {oct},
number = {5},
pages = {623--629},
title = {{Self-Adapting Analog Ensemble Predictions of Tropical Cyclone Tracks}},
volume = {15},
year = {2000}
}
@phdthesis{Horton2012a,
author = {Horton, Pascal},
pages = {320 p.},
school = {Universit{\'{e}} de Lausanne},
title = {{Am{\'{e}}liorations et optimisation globale de la m{\'{e}}thode des analogues pour la pr{\'{e}}vision statistique des pr{\'{e}}cipitations. D{\'{e}}veloppement d'un outil de pr{\'{e}}vision et application op{\'{e}}rationnelle au bassin du Rh{\^{o}}ne {\`{a}} l'amont du L{\'{e}}man}},
type = {Th{\`{e}}se de doctorat},
year = {2012}
}
@inproceedings{Back1996b,
author = {B{\"{a}}ck, Thomas and Sch{\"{u}}tz, M},
booktitle = {Foundation of Intelligent Systems, 9th International Symposium},
pages = {158--167},
title = {{Intelligent mutation rate control in canonical genetic algorithms}},
year = {1996}
}
@article{Costa2005a,
author = {Costa, Caliane B.B. and Maciel, Maria Regina Wolf and Filho, Rubens Maciel},
doi = {10.1016/j.compchemeng.2005.08.005},
issn = {00981354},
journal = {Computers {\&} Chemical Engineering},
keywords = {batch,crystallization,dynamic simulation,factorial design,genetic algorithm,optimisation},
month = {sep},
number = {10},
pages = {2229--2241},
title = {{Factorial design technique applied to genetic algorithm parameters in a batch cooling crystallization optimisation}},
volume = {29},
year = {2005}
}
@inproceedings{Back1992a,
author = {B{\"{a}}ck, Thomas},
booktitle = {Proceedings of the First European Conference on Artificial Life},
pages = {263--271},
title = {{Self-adaptation in genetic algorithms}},
year = {1992}
}
@inproceedings{Shabbar1986,
author = {Shabbar, A and Knox, J},
booktitle = {Proceedings of the first WMO workshop on the diagnosis and prediction of monthly and seasonal atmospheric variations over the globe, Longe range forecasting Res. Rep. Ser. 6, Vol II, Tech. Doc. WMO/TD87},
pages = {672--681},
title = {{Monthly prediction by the analogue method}},
year = {1986}
}
@article{Schraudolph1992a,
author = {Schraudolph, NN and Belew, RK},
journal = {Machine Learning},
number = {1},
pages = {9--21},
title = {{Dynamic parameter encoding for genetic algorithms}},
volume = {9},
year = {1992}
}
@article{Toth1989,
author = {Toth, Z},
journal = {Journal of Climate},
pages = {594--607},
title = {{Long-range weather forecasting using an analog approach}},
volume = {2},
year = {1989}
}
@book{Haupt2004,
author = {Haupt, Randy L. and Haupt, Sue Ellen},
isbn = {978-0-471-45565-3},
pages = {272 p.},
publisher = {John Wiley {\&} Sons},
title = {{Practical genetic algorithms}},
year = {2004}
}
@article{Nap1981,
author = {Nap, JL and van den Dool, H. and Oerlemans, J.},
journal = {Monthly Weather Review},
pages = {306--312},
title = {{A verification of monthly weather forecasts in the seventies}},
volume = {109},
year = {1981}
}
@article{Bolognesi1993,
author = {Bolognesi, R},
journal = {La Houille Blanche},
pages = {551--553},
title = {{Premiers d{\'{e}}veloppements d'un mod{\`{e}}le hybride pour le diagnostic spatial des risques d'avalanches}},
volume = {8},
year = {1993}
}
@phdthesis{Duband1970,
author = {Duband, D},
school = {Th{\`{e}}se de 3{\`{e}}me cycle de la facult{\'{e}} des sciences de Paris.},
title = {{Reconnaissance dynamique de la forme des situations m{\'{e}}t{\'{e}}orologiques. Application {\`{a}} la pr{\'{e}}vision quantitative des pr{\'{e}}cipitations.}},
year = {1970}
}
@techreport{Lorenz1956,
author = {Lorenz, EN},
institution = {Massachusetts Institute of Technology, Department of Meteorology, Massachusetts Institute of Technology, Dept. of Meteorology},
title = {{Empirical orthogonal functions and statistical weather prediction}},
year = {1956}
}
@book{Goldberg1989,
author = {Goldberg, D E},
publisher = {Addison-Wesley Longman Publishing Co., Inc.},
title = {{Genetic Algorithms in Search, Optimization and Machine Learning}},
year = {1989}
}
@book{Holland1992a,
author = {Holland, J H},
publisher = {The MIT press},
title = {{Adaptation in Natural and Artificial Systems: An Introductory Analysis with Applications to Biology, Control and Artificial Intelligence}},
year = {1992}
}
@article{Goldberg1990a,
author = {Goldberg, DE},
journal = {Urbana},
pages = {1--21},
title = {{Real-coded genetic algorithms, virtual alphabets, and blocking}},
volume = {51},
year = {1990}
}
@article{Fraedrich2003,
author = {Fraedrich, Klaus and Raible, Christoph C. and Sielmann, Frank},
doi = {10.1175/1520-0434(2003)018<0003:AEFOTC>2.0.CO;2},
issn = {0882-8156},
journal = {Weather and Forecasting},
month = {feb},
number = {1},
pages = {3--11},
title = {{Analog Ensemble Forecasts of Tropical Cyclone Tracks in the Australian Region}},
volume = {18},
year = {2003}
}
@inproceedings{BenDaoud2008,
	author = {{Ben Daoud}, Aur{\'{e}}lien and Sauquet, Eric and Lang, Michel and Obled, Charles and Bontron, Guillaume},
	booktitle = {Colloque SHF-191e CST - «Pr{\'{e}}visions hydrom{\'{e}}t{\'{e}}orologiques», Lyon, 18-19 novembre 2008},
	number = {6},
	title = {{La pr{\'{e}}vision des pr{\'{e}}cipitations par recherche d'analogues: {\'{e}}tat de l'art et perspectives}},
	year = {2008}
}
@phdthesis{BenDaoud2010,
author = {{Ben Daoud}, A},
school = {Universit{\'{e}} de Grenoble},
title = {{Am{\'{e}}liorations et d{\'{e}}veloppements d'une m{\'{e}}thode de pr{\'{e}}vision probabiliste des pluies par analogie.}},
year = {2010}
}
@article{Obled1980,
author = {Obled, C and Good, W},
journal = {Journal of Glaciology},
pages = {315--346},
title = {{Recent developments of avalanche forecasting by discriminant analysis techniques: a methodological review and some applications to the Parsenn area (Davos, Switzerland)}},
volume = {25},
year = {1980}
}
@inproceedings{Deb1999,
author = {Deb, Kalyanmoy and Beyer, HG},
booktitle = {Proceedings of the Genetic and Evolutionary Computation Conference (GECCO), Orlanda, USA},
pages = {172--179},
title = {{Self-adaptation in real-parameter genetic algorithms with simulated binary crossover}},
year = {1999}
}
@article{Nelder1965a,
author = {Nelder, JA and Mead, R},
journal = {The Computer Journal},
number = {4},
pages = {308--313},
title = {{A simplex method for function minimization}},
volume = {7},
year = {1965}
}
@article{Grefenstette1986,
author = {Grefenstette, J J},
journal = {IEEE Transactions on Systems, Man and Cybernetics},
number = {1},
pages = {122--128},
publisher = {IEEE},
title = {{Optimization of control parameters for genetic algorithms}},
volume = {16},
year = {1986}
}
@inproceedings{Fogarty1989,
author = {Fogarty, T C},
booktitle = {Proceedings of the third international conference on Genetic algorithms},
organization = {Morgan Kaufmann Publishers Inc.},
pages = {104--109},
title = {{Varying the probability of mutation in the genetic algorithm}},
year = {1989}
}
@article{Radinovic1975,
author = {Radinovic, D},
journal = {Monthly Weather Review},
number = {7},
pages = {639--649},
title = {{An analogue method for weather forecasting using the 500/1000 mb relative topography}},
volume = {103},
year = {1975}
}
@inproceedings{Bois1981,
author = {Bois, P and Obled, Ch and Thalamy, J},
booktitle = {C.R. du colloque M{\'{e}}t{\'{e}}orologie de l'{\'{e}}nergie solaire, PIRDES-CNRS, Toulouse},
pages = {145--177},
title = {{Etude des liaisons entre champs de pression et temp{\'{e}}ratures sur l'Europe avec la dur{\'{e}}e d'insolation: Application {\`{a}} la possibilit{\'{e}} de la pr{\'{e}}vision d'insolation}},
year = {1981}
}
@inproceedings{Hart1991a,
author = {Hart, William E and Belew, Richard K},
booktitle = {Proceedings of the Fourth International Conference on Genetic Algorithms},
pages = {190--195},
title = {{Optimizing an arbitrary function is hard for the genetic algorithm}},
year = {1991}
}
@article{Deb2001a,
author = {Deb, Kalyanmoy and Beyer, HG},
journal = {Evolutionary Computation},
number = {2},
pages = {197--221},
title = {{Self-adaptive genetic algorithms with simulated binary crossover}},
volume = {9},
year = {2001}
}
@article{Costa2007a,
author = {Costa, Caliane B.B. and a.C. Rivera, Elmer and Rezende, Mylene Cristina Alves Ferreira and Maciel, Maria Regina Wolf and Filho, Rubens Maciel},
doi = {10.1016/j.ces.2007.03.042},
issn = {00092509},
journal = {Chemical Engineering Science},
keywords = {computation,factorial design,genetic algorithm,numerical analysis,optimization,parameter identification},
month = {sep},
number = {17},
pages = {4780--4801},
title = {{Prior detection of genetic algorithm significant parameters: Coupling factorial design technique to genetic algorithm}},
volume = {62},
year = {2007}
}
@article{Lorenz1969,
author = {Lorenz, EN},
journal = {Journal of the Atmospheric Sciences},
pages = {636--646},
title = {{Atmospheric predictability as revealed by naturally occurring analogues}},
volume = {26},
year = {1969}
}
@phdthesis{Guilbaud1997,
author = {Guilbaud, S},
pages = {386 p.},
school = {Institut National Polytechnique de Grenoble},
title = {{Pr{\'{e}}vision quantitative des pr{\'{e}}cipitations journali{\`{e}}res par une m{\'{e}}thode statistico-dynamique des recherche d'analogues - Application {\`{a}} des bassins du pourtour m{\'{e}}diterran{\'{e}}en}},
year = {1997}
}
@article{Obled2002,
author = {Obled, Charles and Bontron, Guillaume and Gar{\c{c}}on, R{\'{e}}my},
doi = {10.1016/S0169-8095(02)00038-8},
issn = {01698095},
journal = {Atmospheric Research},
month = {aug},
number = {3-4},
pages = {303--324},
title = {{Quantitative precipitation forecasts: a statistical adaptation of model outputs through an analogues sorting approach}},
volume = {63},
year = {2002}
}
@article{Teweles1954,
author = {Teweles, S and Wobus, H B},
journal = {Bulletin of the American Meteorological Society},
pages = {455--463},
title = {{Verification of prognostic charts}},
volume = {35},
year = {1954}
}
@incollection{Drosdowsky2003,
author = {Drosdowsky, W and Zhang, H},
booktitle = {Forecast verification: a practitioner's guide in atmospheric science},
chapter = {6},
editor = {Jolliffe, I T and Stephenson, D B},
pages = {121--136},
publisher = {Wiley},
title = {{Verification of Spatial Fields}},
year = {2003}
}
@article{Matheson1976,
author = {Matheson, JE and Winkler, RL},
journal = {Management science},
number = {10},
pages = {1087--1096},
title = {{Scoring rules for continuous probability distributions}},
volume = {22},
year = {1976}
}
@article{Hersbach2000,
author = {Hersbach, H},
journal = {Weather and Forecasting},
number = {5},
pages = {559--570},
title = {{Decomposition of the continuous ranked probability score for ensemble prediction systems}},
volume = {15},
year = {2000}
}
@article{Hamill2006,
	author = {Hamill, T and Whitaker, J},
	journal = {Monthly Weather Review},
	number = {11},
	pages = {3209--3229},
	title = {{Probabilistic quantitative precipitation forecasts based on reforecast analogs: Theory and application}},
	volume = {134},
	year = {2006}
}
@article{Chardon2014,
	author = {Chardon, Jeremy and Hingray, Beno{\^{i}}t and Favre, Anne-Catherine and Autin, Philemon and Gailhard, Jo{\"{e}}l and Zin, Isabella and Obled, Charles},
	doi = {10.1175/JCLI-D-13-00464.1},
	issn = {0894-8755},
	journal = {Journal of Climate},
	number = {13},
	pages = {5056--5074},
	title = {{Spatial Similarity and Transferability of Analog Dates for Precipitation Downscaling over France}},
	volume = {27},
	year = {2014}
}
@article{Dayon2015,
	author = {Dayon, G. and Bo{\'{e}}, J. and Martin, E.},
	doi = {10.1002/2014JD022236},
	issn = {2169897X},
	journal = {Journal of Geophysical Research: Atmospheres},
	month = {feb},
	number = {3},
	pages = {1023--1043},
	title = {{Transferability in the future climate of a statistical downscaling method for precipitation in France}},
	volume = {120},
	year = {2015}
}
@article{Hamill2015b,
	author = {Hamill, Thomas M and Scheuerer, Michael and Bates, Gary T},
	doi = {10.1175/MWR-D-15-0004.1},
	journal = {Monthly Weather Review},
	number = {8},
	pages = {3300--3309},
	title = {{Analog Probabilistic Precipitation Forecasts Using GEFS Reforecasts and Climatology-Calibrated Precipitation Analyses}},
	volume = {143},
	year = {2015}
}
@article{DelleMonache2013,
	author = {{Delle Monache}, Luca and Eckel, F. Anthony and Rife, Daran L. and Nagarajan, Badrinath and Searight, Keith},
	doi = {10.1175/MWR-D-12-00281.1},
	issn = {0027-0644},
	journal = {Monthly Weather Review},
	keywords = {2 read priority 1},
	pages = {3498--3516},
	title = {{Probabilistic Weather Prediction with an Analog Ensemble.}},
	volume = {141},
	year = {2013}
}
@article{Caillouet2016,
	author = {Caillouet, Laurie and Vidal, Jean-Philippe and Sauquet, Eric and Graff, Benjamin},
	doi = {10.5194/cp-12-635-2016},
	journal = {Climate of the Past},
	number = {3},
	pages = {635--662},
	title = {{Probabilistic precipitation and temperature downscaling of the Twentieth Century Reanalysis over France}},
	volume = {12},
	year = {2016}
}
@article{DelleMonache2011,
	author = {{Delle Monache}, Luca and Nipen, Thomas and Liu, Yubao and Roux, Gregory and Stull, Roland},
	doi = {10.1175/2011MWR3653.1},
	isbn = {8610829952},
	issn = {0027-0644},
	journal = {Monthly Weather Review},
	number = {11},
	pages = {3554--3570},
	title = {{Kalman Filter and Analog Schemes to Postprocess Numerical Weather Predictions}},
	volume = {139},
	year = {2011}
}
@article{Vanvyve2015,
	author = {Vanvyve, Emilie and {Delle Monache}, Luca and Monaghan, Andrew J. and Pinto, James O.},
	doi = {10.1016/j.renene.2014.08.060},
	issn = {09601481},
	journal = {Renewable Energy},
	pages = {761--773},
	publisher = {Elsevier Ltd},
	title = {{Wind resource estimates with an analog ensemble approach}},
	volume = {74},
	year = {2015}
}
@article{Alessandrini2015a,
	author = {Alessandrini, Stefano and {Delle Monache}, Luca and Sperati, S. and Cervone, G.},
	doi = {10.1016/j.apenergy.2015.08.011},
	issn = {03062619},
	journal = {Applied Energy},
	pages = {95--110},
	publisher = {Elsevier Ltd},
	title = {{An analog ensemble for short-term probabilistic solar power forecast}},
	volume = {157},
	year = {2015}
}
@article{Alessandrini2015,
	author = {Alessandrini, Stefano and {Delle Monache}, Luca and Sperati, S. and Nissen, J. N.},
	doi = {10.1016/j.renene.2014.11.061},
	issn = {18790682},
	journal = {Renewable Energy},
	pages = {768--781},
	publisher = {Elsevier Ltd},
	title = {{A novel application of an analog ensemble for short-term wind power forecasting}},
	volume = {76},
	year = {2015}
}
@article{Junk2015c,
	author = {Junk, Constantin and {Delle Monache}, Luca and Alessandrini, Stefano},
	doi = {10.1175/MWR-D-15-0095.1},
	issn = {0027-0644},
	journal = {Monthly Weather Review},
	keywords = {2 read priority 1},
	number = {7},
	pages = {2909--2917},
	title = {{Analog-based Ensemble Model Output Statistics}},
	volume = {143},
	year = {2015}
}
@article{Junk2015,
	author = {Junk, Constantin and {Delle Monache}, Luca and Alessandrini, Stefano and Cervone, Guido and von Bremen, Lueder},
	doi = {10.1127/metz/2015/0659},
	issn = {0941-2948},
	journal = {Meteorologische Zeitschrift},
	number = {4},
	pages = {361--379},
	title = {{Predictor-weighting strategies for probabilistic wind power forecasting with an analog ensemble}},
	volume = {24},
	year = {2015}
}
@article{Bessa2015,
	author = {Bessa, R.J. and Trindade, A. and Silva, C{\'{a}}tia S.P. and Miranda, V.},
	doi = {10.1016/j.ijepes.2015.02.006},
	issn = {01420615},
	journal = {International Journal of Electrical Power {\&} Energy Systems},
	pages = {16--23},
	publisher = {Elsevier Ltd},
	title = {{Probabilistic solar power forecasting in smart grids using distributed information}},
	volume = {72},
	year = {2015}
}
@article{Klein1963,
	author = {Klein, WH},
	journal = {Monthly Weather Review},
	number = {10},
	pages = {527--536},
	title = {{Specification of precipitation from the 700-millibar circulation}},
	volume = {91},
	year = {1963}
}
@article{Glahn1972,
	author = {Glahn, HR and Lowry, DA},
	journal = {Journal of Applied Meteorology},
	number = {8},
	pages = {1203--1211},
	title = {{The use of model output statistics (MOS) in objective weather forecasting}},
	volume = {11},
	year = {1972}
}
@inproceedings{Wilson1980,
	address = {Nice},
	author = {Wilson, L J and Yacowar, N},
	booktitle = {Proceedings of the WMO Symposium on Probabilistic and Statistical Methods in Weather Forecasting},
	pages = {40--406},
	title = {{Statistical weather element forecasting in the Canadian Weather Service}},
	year = {1980}
}
@article{Guilbaud1998,
	author = {Guilbaud, Sophie and Obled, Charles},
	journal = {Comptes Rendus de l'Acad{\'{e}}mie des Sciences, Series II, A-Earth and Planetary Science},
	number = {3},
	pages = {181--188},
	title = {{Pr{\'{e}}vision quantitative des pr{\'{e}}cipitations journali{\`{e}}res par une technique de recherche de journ{\'{e}}es ant{\'{e}}rieures analogues: optimisation du crit{\`{e}}re d'analogie}},
	volume = {327},
	year = {1998}
}
@techreport{Vallee1986,
	author = {Vall{\'{e}}e, J L},
	institution = {Rapport de stage de fin d'{\'{e}}tudes de l'Ecole de la M{\'{e}}t{\'{e}}orologie Nationale},
	title = {{Pr{\'{e}}cipitations sur le Sud-Ouest du Massif Central et l'Est des Pyr{\'{e}}n{\'{e}}es. Optimisation du mod{\`{e}}le EDF/DTG de pr{\'{e}}vision par recherche d'analogues.}},
	year = {1986}
}
@article{Gibergans-Baguena2007,
	author = {Gibergans-B{\'{a}}guena, J. and Llasat, M.C.},
	doi = {10.1016/j.atmosres.2007.04.002},
	issn = {01698095},
	journal = {Atmospheric Research},
	number = {3-4},
	pages = {173--193},
	title = {{Improvement of the analog forecasting method by using local thermodynamic data. Application to autumn precipitation in Catalonia}},
	volume = {86},
	year = {2007}
}
@article{Kalnay1996,
	author = {Kalnay, E and Kanamitsu, M and Kistler, R and Collins, W. and Deaven, D and Gandin, L and Iredell, M and Saha, S and White, G and Woollen, J},
	journal = {Bulletin of the American Meteorological Society},
	number = {3},
	pages = {437--471},
	title = {{The NCEP/NCAR 40-year reanalysis project}},
	volume = {77},
	year = {1996}
}
@article{GarciaHernandez2009b,
	author = {{Garc{\'{i}}a Hern{\'{a}}ndez}, J and Horton, Pascal and Tobin, Cara and Boillat, JL},
	journal = {Wasser Energie Luft – Eau Energie Air},
	pages = {297--302},
	title = {{MINERVE 2010: Pr{\'{e}}vision hydrom{\'{e}}t{\'{e}}orologique et gestion des crues sur le Rh{\^{o}}ne alpin.}},
	volume = {4},
	year = {2009}
}

